2416 3922
100 167 123 231 6
525 167 690 222 VITRUVII

101 320 229 392 utraque
255 318 378 394 plagam
404 318 523 376 mittere
543 313 548 396 1
568 318 684 376 debent.
731 317 836 394 quodsi
865 335 925 376 non
951 317 1115 376 homotona
1124 326 1167 379 (1⁰)

67 413 84 462 9
101 406 223 480 fuerint,
245 406 398 481 inpedient
415 406 558 465 directam
579 407 708 465 telorum
725 407 904 465 missionem.
939 406 1013 464 item
1030 405 1114 464 thea-

102 496 157 554 tris
179 513 252 554 vasa
276 514 376 570 aerea,
403 497 533 570 quaein
556 496 639 555 cellis
661 495 716 554 sub
739 494 880 572 gradibus
902 495 1115 554 mathematica

100 584 217 643 ratione
245 584 437 643 conlocantur
459 585 609 643 sonituum
637 585 675 642 ad
698 584 883 659 discrimina,
907 603 982 658 quae
1007 581 1115 642 Graeci

63 688 72 732 “.
101 688 194 748 ηχεια
222 673 389 748 appellant,
420 673 459 730 ad
486 674 677 774 symphonias
709 673 837 732 musicas
865 673 927 732 sive
955 675 1141 733 concentuso

102 764 318 837 componuntur
337 762 481 822 divisam
504 763 627 821 circinat
628 763 695 821 ione
714 753 908 843 diafftessaron
927 763 957 820 et
975 760 1115 836 d1apente
1124 772 1167 824 (15)

102 853 133 909 et
159 845 323 951 <diapason
355 846 414 929 ad>
442 851 645 926 disdiapason,
668 851 724 910 uti
751 871 808 911 vox
840 850 967 908 scaenici
999 850 1114 909 sonitus

98 940 277 999 conveniens
304 939 336 997 in
360 940 604 1015 dispositionibus
631 943 715 999 tactu
738 960 804 998 cum
827 939 995 1012 offenderit,
1023 942 1115 998 aucta

101 1046 170 1086 cum
200 1028 381 1086 incremento
410 1029 574 1087 olariort
544 1033 574 1088 et
606 1030 726 1088 suavior
753 1029 791 1087 ad
819 1032 1021 1103 spectatorum
1047 1047 1114 1103 per·

100 1117 203 1176 veniat
221 1135 314 1175 aures.
351 1118 540 1192 hydraulicas
560 1138 678 1194 quoquc
696 1118 848 1176 machinas
867 1119 898 1175 et
918 1121 1016 1175 cetera
1035 1135 1155 1191 quaero

101 1209 171 1265 sunt
198 1206 307 1264 similia
334 1206 380 1264 his
408 1207 541 1283 organis,
568 1209 631 1266 sine
658 1207 779 1264 musicis
805 1205 973 1265 rationibus
996 1205 1113 1264 efficere

49 1300 83 1348 10
102 1287 205 1378 inemo
229 1296 348 1370 poterit.
385 1296 572 1370 disciplinam
590 1315 660 1355 vero
678 1294 841 1353 medicinae
860 1295 976 1353 novisse
995 1298 1166 1370 oportetco

99 1387 223 1460 propter
249 1383 457 1443 inclinationes
485 1385 573 1457 caeli,
600 1389 677 1460 quac
706 1383 812 1443 Graeci
841 1384 974 1455 κλιματα
1002 1382 1114 1457 dicunt,

101 1475 132 1531 et
152 1469 156 1551 1
177 1472 254 1531 aeris
286 1475 316 1530 et
347 1474 480 1532 locorum
512 1473 564 1547 qui
595 1476 667 1531 sunt
697 1473 829 1530 salubres
857 1475 910 1530 aut
938 1472 1147 1548 pestilentes?

101 1580 307 1636 aquarumque
330 1580 408 1619 usus
446 1561 508 1620 sine
531 1561 578 1620 his
601 1562 680 1620 enim
697 1562 864 1620 rationibus
883 1561 966 1618 nulla
985 1561 1112 1621 salubris
1128 1580 1153 1621 ιι

100 1649 247 1708 habitatio
276 1649 340 1707 fieri
366 1653 473 1724 potest.
519 1651 585 1707 iura
614 1670 732 1726 quoque
758 1654 831 1709 nota
857 1651 968 1708 habeat
995 1653 1113 1724 oportet

100 1757 136 1796 ea
160 1757 236 1813 quae
263 1739 429 1796 necessaria
459 1742 529 1797 sunt
561 1739 702 1798 aedificiis
732 1740 933 1797 communium
964 1740 1113 1813 parietum

102 1827 140 1884 ad
163 1827 310 1885 ambitum
332 1818 573 1908 siltliicidiorum,
601 1832 631 1887 et
653 1828 834 1901 cloacarum,
856 1828 1016 1902 luminum,
1038 1829 1153 1888 tremo>

96 1934 248 1991 aquarum
275 1916 437 1975 ductiones.
483 1920 513 1974 et
541 1921 638 1975 cetera
666 1936 743 1992 quae
771 1916 913 1976 eiusmodi
943 1919 1012 1975 sunt
1039 1921 1112 1975 nota

101 2006 219 2080 oportet
242 2005 303 2063 sint
325 2005 503 2078 architectis,
525 2007 573 2064 uti
596 2009 666 2064 ante
689 2009 814 2065 caveant
838 2024 928 2080 quam
950 2005 1112 2064 instituant
1127 2025 1153 2063 co

101 2093 248 2167 aedificia,
276 2114 313 2151 ne
341 2094 557 2154 controversiae
584 2095 672 2154 factis
700 2095 837 2169 operibus
864 2093 998 2169 patribus
1025 2095 1112 2152 fami·

61 2197 70 2240 ς’
100 2183 210 2240 liarum
240 2184 448 2258 relinquantur
479 2187 509 2241 et
541 2186 577 2242 ut
607 2184 724 2260 legibus
756 2183 916 2242 scribendis
953 2183 1112 2257 prudentia

101 2272 200 2331 caveri
226 2273 321 2347 possit
348 2275 377 2330 et
404 2272 530 2331 locatori
558 2276 587 2331 et
619 2272 799 2331 conductori.
825 2265 828 2352 1
853 2291 982 2346 namque
1010 2272 1036 2330 si
1064 2272 1112 2330 lex
1122 2279 1165 2332 (1⁰)

99 2361 196 2436 perite
226 2362 318 2420 fuerit
350 2360 472 2436 scripta,
506 2361 562 2419 erit
593 2364 628 2419 ut
660 2362 722 2419 sine
755 2362 891 2436 captione
919 2363 1046 2435 uterque
1074 2360 1111 2419 ab

97 2453 227 2525 unoque
249 2450 399 2508 liberetur.
442 2469 477 2507 ex
500 2451 662 2527 astrologia
685 2453 786 2508 autem
805 2449 992 2526 cognoscitur
1014 2449 1112 2508 oriens
1127 2467 1153 2508 ιι

95 2538 235 2597 ‘occidens
250 2538 386 2596 meridies
402 2538 573 2613 septentrio,
592 2540 684 2597 etiam
697 2539 772 2597 caeli
785 2539 871 2613 ratio,
891 2538 1113 2613 aequinoctium

98 2625 262 2685 solstitium
286 2629 433 2684 astrorum
456 2645 566 2685 cursus.
613 2647 739 2703 quorum
761 2627 902 2686 notitiam
925 2627 950 2684 si
974 2627 1025 2701 qui
1052 2646 1112 2685 non

100 2713 248 2789 habuerit,
265 2715 486 2791 horologiorum
504 2717 651 2775 rationem
670 2716 788 2775 omnino
804 2717 877 2775 scire
894 2707 898 2796 1
914 2735 973 2774 non
991 2716 1111 2790 poterit.
1121 2727 1165 2776 (15)

49 2807 81 2856 11
169 2801 244 2861 Oum
275 2822 344 2880 ergo
376 2807 461 2862 tanta
492 2804 565 2862 haec
596 2806 753 2880 disciplina
785 2806 825 2863 sit
857 2805 1052 2864 condecorata
1082 2807 1112 2862 et

95 2892 254 2951 abundans
278 2892 491 2951 eruditionibus
509 2893 601 2951 variis
624 2913 658 2952 ac
681 2894 824 2969 pluribus,
847 2913 907 2952 non
929 2896 1002 2968 puto
1025 2911 1112 2968 posse
1126 2913 1153 2954 ao

798 3004 813 3041 ο

174 3175 188 3221 1
208 3171 315 3238 unaue
335 3169 399 3238 GS)
389 3171 455 3250 )que
471 3186 498 3224 rc.
516 3173 552 3236 {o
571 3168 697 3223 motoria
711 3169 840 3236 Hae
775 3168 1018 3309 ,ῼιιιοιιιιὶι
1006 3187 1038 3223 ιι
1056 3186 1110 3224 ros.

102 3239 168 3320 St.
188 3227 327 3308 equaliter
344 3238 475 3294 sonantia
497 3242 529 3294 ia
551 3245 607 3295 tect
596 3247 627 3295 tc
644 3243 703 3309 ipso
721 3241 792 3294 male
810 3242 866 3294 ad
893 3239 1112 3309 diutimpe-

103 3309 182 3364 dient
196 3311 332 3365 directam
348 3311 374 3366 G
392 3318 417 3365 ct
434 3313 466 3365 ιἰι
479 3328 533 3365 ras.
550 3311 580 3366 S:
599 3310 792 3392 impediendi]
808 3313 915 3364 rectam
930 3310 1111 3380 Η14ιοιιι-

102 3383 192 3450 tum(
193 3384 236 3434 -tu
182 3382 320 3452 (GS)
339 3382 406 3436 cd.
425 3399 452 3436 a.
476 3384 486 3451 11
508 3387 524 3435 5
543 3381 628 3436 eohea
646 3399 673 3436 ι.
697 3384 706 3451 11
730 3388 744 3434 7
765 3381 903 3450 diapason
926 3381 963 3435 ad
987 3398 1037 3436 ora.
1055 3400 1083 3437 ι.
1102 3383 1112 3454 11

96 3457 137 3505 .13
159 3451 373 3507 inclinationem
395 3454 579 3523 1-ιιιθδ1ι.
606 3456 609 3522 1
635 3452 751 3507 climata
768 3470 795 3507 tc.
823 3455 832 3522 11
861 3458 893 3505 17
918 3453 1112 3508 communibus

102 3540 130 3579 a
149 3526 159 3594 11
177 3529 210 3576 23
230 3540 328 3578 cavere
346 3542 374 3579 tc
392 3526 401 3594 11
420 3530 452 3577 27
473 3524 497 3577 si
516 3524 565 3592 qui
582 3524 693 3579 Proca·
713 3523 737 3577 si
756 3523 818 3592 quis
837 3541 864 3579 x.
