2416 3922
345 163 394 216 DE
413 161 693 217 ARCHITECTURA
710 162 777 219 LIB.
797 164 817 232 l,
837 170 855 216 4
1065 165 1105 228 17

93 334 110 373 e
129 313 284 390 principiis
305 312 479 371 animalium
498 332 621 389 corpora
640 314 803 390 composita
822 332 909 373 sensu
926 315 1106 391 percipimus

94 405 127 462 et
149 423 166 462 e
189 401 427 478 superationibus
450 405 504 460 aut
526 402 740 461 defectionibus
765 423 799 462 ea
817 403 953 462 laborare
971 404 1106 463 dissolvi-

40 503 153 567 (so)que
186 489 365 566 iudicamuS,
399 509 458 549 non
491 490 660 550 dubitamus
689 491 760 567 quin
788 483 971 572 dililgentius
1004 493 1108 569 quaeri

96 582 236 657 oporteat
257 579 302 638 uti
325 579 590 654 temperatissimas
613 581 688 638 caeli
710 579 845 656 regiones
864 581 1017 658 eligamus
1041 601 1108 641 cum

69 666 268 744 equaerenda
298 668 390 726 fuerit
420 668 451 725 in
483 668 632 726 moenium
659 669 912 729 conlocationibus
940 671 1107 729 salubritas.

94 758 200 832 itaque
237 757 328 815 etiam
364 759 454 831 atque
487 756 578 815 etiam
609 760 740 816 veterem
775 759 971 817 revocandam
1004 774 1143 822 censcoa

94 846 251 905 rationem.
297 845 423 904 maiores
447 844 525 904 enim
546 845 700 920 pecoribus
724 847 885 905 immolatis
909 866 984 923 quae
1007 866 1108 923 pasce-

95 935 207 993 bantur
233 933 264 992 in
292 934 318 992 is
345 934 417 992 locis
446 933 551 1009 quibus
579 937 632 992 aut
659 934 768 1010 oppida
797 939 850 993 aut
877 939 974 995 castra
998 937 1109 995 stativa

40 1015 102 1105 (1511
115 1022 382 1097 constituebantur,
400 1022 598 1098 inspiciebant
615 1023 754 1098 iocinera,
773 1027 803 1082 et
821 1024 847 1082 si
865 1028 950 1083 erant
968 1025 1060 1084 livida
1079 1028 1109 1083 et

55 1133 82 1173 ro
95 1113 208 1172 vitiosa
234 1111 344 1187 primo,
372 1111 432 1169 alia
458 1110 655 1171 immolabant
683 1111 851 1170 dubitantes
878 1117 979 1170 utrum
1006 1113 1109 1173 morbo

97 1220 137 1259 an
159 1199 265 1276 pabuli
286 1199 360 1259 vitio
383 1200 465 1258 laesa
488 1203 593 1259 essent.
639 1199 862 1276 cumpluribus
886 1201 998 1276 experti
1024 1205 1109 1260 erant

96 1292 129 1349 et
150 1288 351 1365 probaverant
372 1289 520 1366 integram
543 1291 573 1346 et
594 1288 722 1347 solidam
739 1292 877 1347 naturam
894 1289 1056 1349 iocinerum
1075 1308 1110 1348 er

43 1388 81 1442 19
97 1396 177 1454 aqua
198 1374 202 1456 1
224 1380 254 1435 et
275 1377 399 1452 pabulo,
426 1377 469 1434 ibi
492 1377 713 1436 constituebant
734 1377 929 1453 munitioneS,
957 1378 981 1436 si
1009 1381 1110 1436 autem

96 1466 208 1526 vitiosa
230 1465 434 1541 inveniebant,
461 1465 602 1524 iudicium
629 1466 848 1526 transferebant
874 1466 947 1525 item
973 1467 1110 1525 humanis

55 1575 82 1616 15
97 1554 271 1630 corporibus
308 1554 496 1630 pestilentem
532 1555 666 1613 futuram
697 1559 866 1614 nascentem
897 1557 928 1613 in
959 1555 1005 1614 his
1037 1556 1110 1614 locis

98 1662 196 1719 aquae
219 1643 337 1718 cibique
360 1643 485 1719 copiam,
508 1643 604 1702 etita
627 1644 880 1721 transmigrabant
901 1648 931 1703 et
953 1643 1111 1703 mutabant

55 1744 88 1795 (5)
98 1732 236 1810 regiones
250 1723 432 1813 quaerenltes
448 1731 583 1790 omnibus
597 1731 684 1790 rebus
699 1732 913 1791 salubritatem.
940 1733 996 1792 hoc
1011 1737 1110 1791 autem
1130 1746 1164 1794 10

97 1821 164 1879 fieri
187 1820 232 1879 uti
254 1820 364 1895 pabulo
388 1820 512 1896 ciboque
536 1820 667 1879 salubres
690 1821 888 1896 proprietates
910 1825 1007 1880 terrae
1030 1822 1110 1880 vide·

99 1912 199 1984 antur,
227 1909 298 1968 licet
320 1909 555 1968 animadvertere
579 1913 609 1967 et
632 1927 805 1986 cognoscere
829 1929 864 1968 ex
889 1910 968 1986 agris
993 1909 1111 1969 Creten·

57 2020 85 2059 eo
99 1998 179 2058 sium
205 1998 257 2073 qui
284 2002 353 2057 sunt
380 1999 457 2056 circa
479 1998 658 2056 Pothereum
683 1999 806 2073 flumen,
837 1999 916 2074 quod
938 2001 983 2057 est
1006 1997 1111 2058 Cretae

98 2089 180 2146 inter
207 2086 280 2145 duas
308 2086 444 2146 civitates
473 2085 593 2146 Gnoson
621 2090 651 2145 et
678 2085 852 2163 Gortynam.
903 2087 1005 2146 dextra
1033 2087 1112 2145 enim

44 2179 132 2238 (1⁰)et
147 2175 268 2235 sinistra
283 2175 345 2234 eius
363 2174 493 2234 fluminis
514 2178 518 2248 1
537 2179 699 2251 pascuntur
717 2194 833 2251 pecora,
852 2175 952 2233 seder
969 2176 1015 2234 his
1036 2195 1111 2250 quae

100 2267 265 2342 pascuntur
279 2265 418 2340 proxime
438 2262 558 2324 Gnoson
576 2258 732 2342 <lienosa>
755 2266 831 2336 sunt,
855 2282 930 2338 quae
954 2266 1054 2321 autem
1077 2283 1112 2320 ex

101 2354 199 2412 altera
225 2356 310 2428 parte
336 2353 469 2428 proxime
494 2351 673 2428 Gortynam,
700 2373 759 2412 non
786 2351 897 2410 habent
920 2355 1112 2426 apparentem

59 2461 87 2502 ss
101 2443 243 2518 splenem.
292 2441 370 2499 unde
403 2443 493 2500 etiam
524 2441 632 2500 medici
663 2444 837 2516 quaerentes
870 2439 905 2498 de
938 2459 972 2498 ea
1004 2460 1036 2499 re
1067 2440 1111 2498 in·

102 2533 248 2590 venerunt
274 2530 306 2588 in
332 2530 379 2588 his
407 2530 480 2589 locis
506 2529 640 2605 herbam,
670 2549 759 2605 quam
786 2547 894 2605 pecora
916 2529 1045 2589 rodendo
1069 2530 1112 2587 in·

48 2629 92 2681 (¹⁵)
101 2619 274 2678 minuerunt
294 2619 395 2678 lienes.
437 2619 480 2677 ita
503 2637 569 2676 eam
591 2617 714 2677 herbam
736 2609 910 2700 eollilgendo
933 2621 1038 2676 curant
1059 2619 1112 2677 lie·

102 2726 191 2768 nosos
217 2707 274 2766 hoc
300 2707 529 2782 medicamento,
557 2707 749 2782 quodetiam
773 2705 926 2766 Gretenses
949 2707 1113 2781 αεπληνον

176 2953 192 3001 2
216 2945 457 3018 esuperationibus
479 2965 500 3001 a
522 2948 552 3016 (i.
571 2963 592 3000 e.
617 2962 632 3000 e
656 2964 716 3016 sup.
731 2972 765 2991 =
780 2950 851 3013 64,3
874 2948 909 3014 cf.
931 2948 1065 3014 exuperat
1079 2971 1113 2992 =

103 3021 255 3088 exsuperat
273 3020 380 3087 ram).
406 3019 417 3087 11
445 3022 578 3071 toenieo
598 3017 662 3073 GS:
691 3015 779 3071 cens&
798 3018 836 3072 Η.
863 3019 872 3086 11
899 3017 971 3071 8is:
994 3016 1038 3069 his
1057 3033 1085 3071 a.
1105 3017 1114 3086 11

105 3095 139 3143 14
164 3088 269 3144 iudicio
297 3087 511 3142 transferebant.
555 3086 632 3141 Idem
659 3087 689 3141 in
715 3086 846 3141 humanis
868 3105 895 3142 a.
923 3089 932 3157 1
961 3092 993 3140 18
1019 3088 1103 3160 (temp

103 3160 208 3215 habere
224 3177 312 3231 supra
330 3161 394 3215 odd.
409 3159 447 3214 8⁰.
466 3162 475 3229 1
494 3164 528 3212 20
546 3158 711 3228 pothereum
729 3161 769 3228 (-1'1
786 3159 821 3228 G)
836 3157 912 3213 HG:
931 3157 1049 3227 potherfi
1064 3158 1090 3213 S.
1111 3157 1115 3230 1

77 3274 80 3281 .
105 3229 475 3301 21(24)eorty(iGS)nem
492 3248 520 3285 x.
543 3233 553 3296 1
575 3234 609 3282 23
628 3229 741 3284 Gnoson
764 3228 913 3301 (bernosa)
936 3231 1013 3296 sunt,
1041 3243 1113 3296 quae

105 3305 213 3358 antem:
232 3303 359 3373 gnoson(.
376 3301 440 3370 GS)
459 3300 574 3370 siquae
592 3303 657 3370 (que
672 3301 707 3368 G,
725 3317 779 3372 qup
794 3301 827 3370 S)
847 3300 942 3354 autem
959 3316 979 3353 a
998 3299 1056 3367 (ati
1077 3300 1115 3354 od

105 3374 221 3444 gnoson²
241 3376 273 3428 ia
289 3389 375 3444 marg.
390 3371 421 3427 G
439 3371 572 3442 ‘splenem
589 3370 708 3439 habent,
726 3377 759 3425 at
775 3389 836 3438 rec,
854 3373 961 3440 inepte).
976 3371 1034 3438 1124
1051 3386 1114 3439 pro·

105 3443 180 3498 xime
209 3442 314 3514 6(sz
342 3459 401 3497 ·ma
426 3443 551 3513 HS(G0).
579 3445 589 3512 11
617 3448 650 3495 26
677 3440 802 3495 radendo
830 3440 897 3495 HG
924 3440 1058 3509 (rodendo
1086 3440 1115 3508 S,

106 3514 232 3570 radendo
252 3515 307 3584 Ψ).
330 3516 340 3584 11
363 3519 396 3567 27
416 3513 538 3568 lienosos
558 3513 596 3567 H.
620 3516 629 3583 11
653 3518 685 3566 28
705 3511 840 3581 asplenon
858 3530 884 3567 r.

159 3613 438 3654 renouauerat.
456 3613 489 3653 ea.
506 3613 585 3654 noea.
932 3606 954 3652 ‘a
992 3588 1000 3600 ⁸
