2416 3922
110 162 174 226 206
531 162 696 218 VITltUVII

108 312 237 373 vallibus
264 313 362 372 factus
388 313 479 371 fuerit
505 331 559 372 nec
586 313 786 372 substructum
813 313 852 370 ad
876 311 984 370 libram
1007 314 1113 372 factum

108 402 160 460 sed
186 401 340 478 geniculus
368 403 437 477 erit,
464 404 603 477 erumpet
626 404 656 460 et
682 401 825 461 dissolvet
850 401 1020 461 fistularum
1042 421 1112 461 corn·

107 492 258 550 missuras.
304 491 395 550 etiam
421 491 453 548 in
480 493 582 549 ventre
608 490 772 550 colliviaria
795 493 865 549 sunt
887 490 1040 565 facienda,
1065 510 1113 567 per

108 599 184 656 quae
217 579 261 639 vis
293 579 415 655 spiritus
447 579 603 638 relaxetur.
652 578 696 637 ita
717 572 721 660 Ι
741 598 794 655 per
819 579 936 639 fistulas
963 579 1143 655 plumbeae

108 687 219 745 aquarn
244 669 294 743 qui
317 668 434 743 ducent,
455 667 501 727 his
524 666 690 727 rationibus
712 668 873 726 bellissime
893 671 1039 743 poterunt
1056 669 1132 729 effi-e

107 777 185 832 cere,
214 757 292 832 quod
320 760 350 814 et
377 757 515 815 decursus
543 760 573 815 et
596 747 869 839 circumductiotnes
892 760 924 815 et
946 760 1066 817 ventres
1085 760 1143 822 etat

108 864 262 922 expressas
288 846 345 904 hac
371 846 488 905 ratione
509 849 637 921 possunt
658 845 735 921 fieri,
763 865 830 904 cum
853 844 1007 905 habebunt
1029 865 1048 905 a
1069 865 1110 906 ca·

72 935 217 1010 vpitibus
245 934 283 994 ad
309 934 427 995 moenia
453 934 568 1010 fastigii
595 934 781 993 libramenta.
825 935 900 992 item
926 935 1008 993 inter
1035 938 1111 995 actus

106 1025 234 1083 ducenos
261 1042 321 1082 non
348 1026 394 1082 est
423 1023 530 1082 inutile
554 1023 676 1082 castella
700 1022 860 1098 conlocari,
888 1025 923 1081 ut
945 1023 972 1083 si
997 1023 1110 1100 qnando

104 1113 213 1172 vitium
248 1112 345 1188 aliqui
376 1112 459 1171 locus
490 1112 606 1185 fecerit,
642 1130 702 1170 non
733 1114 831 1170 totum
862 1131 1009 1187 omneque
1042 1131 1138 1189 opina

107 1194 328 1284 {contundatur
359 1203 390 1259 et
420 1202 452 1258 in
480 1200 586 1276 quibus
613 1201 686 1259 locis
714 1201 753 1259 sit
780 1201 894 1259 facturn
922 1201 1044 1260 facilins
1069 1202 1138 1262 inti

103 1291 252 1364 veniatur,
271 1290 322 1348 sed
340 1309 375 1348 ea
394 1290 515 1348 castella
533 1309 629 1364 neque
647 1289 678 1346 in
697 1289 823 1348 decursu
840 1309 938 1365 neque
956 1290 989 1348 in
1005 1291 1110 1351 ventris

104 1379 231 1455 planitia
254 1398 349 1454 neque
371 1378 403 1437 in
427 1378 661 1454 expressionibus
680 1398 777 1454 neque
796 1380 916 1437 omnino
934 1378 967 1436 in
985 1379 1107 1439 vallibus

103 1469 155 1526 sed
177 1468 210 1526 in
232 1470 376 1544 perpetua
399 1467 590 1542 aequalitate.

69 1571 84 1618 8
171 1556 224 1614 Sin
247 1559 349 1614 autem
371 1556 484 1614 minore
507 1558 627 1630 sumptu
649 1555 846 1630 voluerimus,
869 1556 911 1615 sic
935 1559 982 1615 est
1004 1557 1105 1616 facien
1117 1573 1136 1614 a

104 1646 181 1703 dum.
207 1639 211 1726 t
235 1645 333 1702 tubuli
364 1662 462 1702 crasso
494 1644 573 1703 corio
604 1663 642 1702 ne
669 1645 768 1703 minus
796 1646 922 1704 duorum
950 1645 1143 1722 digiannou

102 1735 189 1808 fiant,
217 1734 268 1792 sed
294 1733 337 1790 ita
363 1733 395 1789 bi
421 1732 522 1791 tubuli
549 1752 584 1791 ex
611 1751 671 1790 una
697 1737 784 1807 parte
811 1734 871 1792 sint
896 1734 1053 1812 lingulati,
1076 1737 1106 1792 ut

103 1824 179 1881 alius
215 1823 247 1879 in
284 1821 376 1879 alium
406 1821 481 1878 inire
513 1822 727 1897 convenireque
758 1823 881 1896 possint.
937 1825 1105 1899 coagmenta

103 1915 205 1970 antem
232 1929 334 1968 corum
358 1910 436 1968 calce
459 1910 529 1969 viva
552 1929 587 1968 ex
611 1911 675 1970 oleo
699 1909 822 1969 subacta
845 1913 916 1970 sant
938 1911 1104 1985 inliniends,

103 2004 133 2058 et
159 2000 191 2058 in
214 1997 461 2058 declinationibus
483 1999 655 2057 libramenti
677 1999 789 2058 ventris
811 1999 889 2074 lapis
912 2002 959 2058 est
982 2020 1019 2059 ex
1041 2017 1133 2060 saxea

101 2089 192 2152 rubro
219 2089 250 2146 in
277 2088 341 2163 ipso
369 2087 505 2164 geniculo
526 2083 530 2166 t
552 2088 748 2147 conlocandus
774 2088 858 2163 isque
881 2089 1102 2163 perterebratas,
1110 2095 1141 2148 (1⁶)

101 2179 149 2236 nti
172 2197 208 2237 ex
229 2178 352 2236 decursu
374 2176 499 2235 tubulus
516 2176 696 2236 novissimus
714 2178 745 2235 in
763 2177 862 2252 lapide
882 2181 1103 2254 coagmentetur

101 2271 132 2325 et
157 2267 271 2343 primus
298 2267 389 2324 etiam
415 2265 519 2324 librati
545 2266 671 2339 ventris,
698 2266 736 2323 ad
764 2266 891 2324 eundern
912 2266 1037 2325 modum
1059 2265 1103 2324 ad-

100 2375 202 2415 versus
232 2355 341 2414 clivum
369 2356 399 2412 et
425 2353 603 2412 novissimus
630 2353 733 2412 librati
759 2354 871 2413 ventris
894 2354 926 2411 in
950 2373 1025 2415 cavo
1047 2354 1103 2414 saxi

100 2445 182 2503 rubri
208 2446 330 2502 haereat
357 2446 387 2501 et
413 2443 526 2518 primus
554 2443 748 2518 expressionis
776 2443 814 2501 ad
839 2443 966 2502 eundem
987 2444 1132 2503 meduna

65 2543 81 2590 9
101 2535 330 2609 coagmentetur.
365 2532 411 2590 ita
432 2530 542 2590 librata
562 2524 700 2613 planittia
720 2531 893 2590 tubulorum
911 2532 951 2590 ad
969 2533 1139 2593 decennia

100 2624 131 2680 et
153 2621 353 2697 expressiones
376 2639 436 2679 non
458 2620 623 2679 extolletur.
660 2639 790 2695 namque
808 2621 966 2680 vehemens
986 2621 1102 2697 spiritus

99 2711 131 2768 in
155 2729 250 2785 aquae
274 2709 411 2768 ductione
434 2709 511 2768 solet
532 2709 623 2782 nasci,
645 2709 689 2767 ita
711 2712 746 2766 ut
768 2709 859 2767 etiam
882 2727 957 2768 saxa
975 2730 1101 2785 perrum-

98 2803 161 2875 pat,
183 2799 241 2857 nisi
259 2799 388 2874 primum
406 2798 513 2856 leniter
531 2800 562 2856 et
579 2816 667 2872 parce
686 2816 704 2856 a
724 2797 820 2872 capite
840 2817 919 2873 aqua
937 2799 1102 2858 inmittatur

99 2891 129 2946 et
160 2890 192 2946 in
223 2887 365 2964 geniculis
397 2889 450 2945 aut
480 2887 610 2945 versuris
642 2886 865 2962 alligationibus
898 2891 953 2946 ant
979 2888 1131 2963 ponderes

170 3098 185 3144 2
205 3093 402 3146 commixturae
419 3109 446 3146 a.
461 3093 500 3161 113
521 3089 689 3146 eolliviaria:
708 3093 748 3145 sic
765 3108 793 3145 a.
808 3093 847 3160 t⁷
867 3093 1024 3162 expraaffl,
1042 3111 1057 3166 9
1072 3090 1101 3158 G,

99 3179 113 3216 e
126 3163 250 3232 68⁶)esis
260 3181 287 3218 a.
297 3164 332 3236 (18
342 3161 463 3232 fastigii:
474 3160 621 3230 adfastigii
630 3161 702 3230 Hc,
714 3162 751 3215 ad
765 3161 882 3232 fastigia
890 3163 917 3217 S.
927 3163 937 3236 Η
947 3169 963 3217 9
974 3164 1100 3218 ducentos

97 3252 125 3290 a.
135 3235 188 3307 {llo
199 3233 287 3303 aliqui
298 3236 329 3288 H
334 3233 372 3288 G:
388 3233 497 3301 -quiss
512 3235 521 3303 ΙΙ
536 3238 569 3286 13
580 3233 634 3302 (26)
643 3231 777 3302 planitia:
792 3235 885 3303 (siaa.
900 3236 910 3304 ΙΙ
925 3235 1101 3305 14fiantpca

97 3308 234 3375 perpetua
252 3306 315 3360 add.
330 3305 388 3359 Joc.
403 3308 412 3374 ΙΙ
427 3310 459 3357 15
478 3303 640 3357 faciundum
656 3305 748 3374 (solas)
763 3305 789 3359 S.
804 3307 815 3374 ΙΙ
828 3310 862 3358 17
876 3304 919 3358 ita
935 3306 1099 3362 oeamiaa:

97 3375 140 3428 uti
157 3394 185 3430 a.
199 3378 209 3446 ΙΙ
223 3381 256 3428 23
275 3375 373 3430 etiam:
393 3392 427 3429 ex
444 3394 471 3430 a.
488 3378 492 3445 Ι
509 3376 657 3429 adversum
676 3377 766 3445 (-1'1)a.
782 3378 840 3446 1124
857 3375 1046 3431 novissimum
1055 3376 1099 3446 (ai)

96 3464 123 3500 a.
138 3448 196 3516 [126
211 3447 260 3501 ad:
278 3449 328 3500 ant
342 3446 470 3517 ΗΒΘ),
485 3449 517 3500 ut
533 3445 637 3515 &1127
652 3448 681 3499 et
695 3463 745 3501 ora.
756 3447 782 3502 S.
800 3449 804 3518 t
820 3449 949 3517 expre(ae
959 3445 1098 3518 Hpeionis

96 3533 124 3571 x.
139 3520 195 3586 {128
210 3517 275 3571 sol&
290 3518 322 3574 S:
337 3518 428 3572 solent
443 3518 477 3571 H
479 3517 545 3572 EG.
560 3519 569 3586 ΙΙ
584 3521 617 3568 29
632 3533 649 3570 a
664 3517 757 3587 capite
771 3535 821 3573 om.
832 3518 854 3573 S
865 3521 894 3588 (i.
910 3537 946 3574 m.
958 3521 1046 3591 suppl.
1056 3519 1097 3577 Sl.
