2416 3922
363 159 411 214 DE
430 158 710 214 ARCHITECTURA
727 159 794 214 LIB.
813 160 839 213 V
1045 161 1106 224 101
1192 172 1194 175 ’

47 427 93 483 loa
425 410 558 475 LIBER
581 409 781 487 QUINTUS.

164 576 223 646 Qui
247 577 439 652 amplioribus
462 576 676 652 voluminibus,
702 579 872 652 imperator,
895 579 1008 654 ingenii
1032 579 1143 654 cogi-1

91 669 227 725 tationes
254 670 472 741 praeceptaque
496 666 729 741 explicaverunt,
756 668 898 725 maximas
923 669 953 724 et
976 668 1109 743 egregias

94 756 270 814 adiecerimt
301 757 362 813 suis
395 756 513 829 scriptis
547 755 763 813 auctoritates.¹
795 756 874 830 quod
902 757 993 813 etiam
1020 756 1110 814 velim

67 845 208 906 anostris
230 839 233 922 l
255 862 372 920 quoque
395 844 501 902 studiis
524 862 570 901 res
593 847 755 918 patoretur,
778 847 812 902 ut
831 844 1109 919 amplificationibus

95 935 261 992 auctoritas
285 935 315 991 et
337 934 370 990 in
391 933 438 990 his
461 933 628 1007 praeceptis
653 935 822 1009 augeretur,
850 933 900 991 sed
928 934 960 990 id
982 952 1041 991 non
1065 936 1111 991 est

96 1021 347 1098 quemadmodum
374 1024 499 1097 putatur
526 1021 704 1096 expeditum.
754 1040 814 1079 non
842 1023 921 1079 enim
948 1023 984 1079 do
1017 1023 1109 1080 archi·

94 1114 215 1170 tectura
242 1112 284 1168 sic
312 1110 451 1169 scribitur
473 1111 518 1167 uti
545 1109 671 1168 historia
700 1113 751 1167 aut
776 1112 922 1185 poemata.
968 1111 1111 1169 historiae

95 1219 151 1275 per
169 1218 201 1258 se
219 1201 323 1258 tenent
340 1200 473 1257 lectores.
510 1198 620 1256 habent
639 1200 717 1256 enim
735 1217 879 1257 novarum
897 1218 995 1256 romm
1012 1201 1110 1257 varias

53 1311 82 1349 1o
96 1289 327 1364 expectationcs.
373 1279 587 1368 poemaltorum
609 1306 679 1346 vero
702 1290 797 1345 metra
821 1291 851 1345 et
878 1287 967 1363 pedes
991 1306 1024 1344 ac
1047 1307 1111 1345 ver-

94 1378 203 1436 borum
231 1377 350 1454 elegans
378 1376 534 1451 dispositio
562 1380 592 1434 et
624 1377 838 1434 sententiarum
865 1378 944 1434 inter
970 1395 1110 1451 personas

96 1467 256 1524 distinctas
276 1466 313 1523 ad
326 1485 444 1525 versum
462 1467 666 1540 pronuntiatio
685 1466 877 1540 prolectando
897 1484 998 1523 sensus
1013 1466 1112 1541 legen-

95 1557 175 1612 tium
196 1554 333 1630 perducit
355 1556 418 1612 sine
442 1555 552 1612 offensa
576 1553 613 1611 ad
641 1573 785 1612 summam
808 1556 985 1629 scriptomm
1011 1555 1111 1612 termi-

95 1645 258 1703 nationem.
294 1644 325 1701 id
349 1645 449 1701 autem
471 1645 503 1699 in
527 1642 740 1701 architecturae
764 1643 1028 1719 conscriptionibus
1051 1658 1146 1705 nona

54 1752 82 1792 1s
95 1736 200 1808 potest
226 1732 303 1806 fieri,
331 1732 410 1806 quod
435 1731 578 1790 vocabula
607 1752 642 1789 ex
670 1734 741 1790 artis
764 1727 767 1810 Ι
787 1735 908 1807 propria
935 1733 1111 1790 necessitate

97 1823 243 1896 concepta
260 1822 432 1880 inconsueto
452 1839 584 1878 sermone
599 1820 731 1879 obiciunt
744 1821 877 1879 sensibus
893 1821 1111 1880 obscuritatem.

97 1930 167 1968 cum
194 1928 264 1986 ergo
293 1929 327 1967 ea
354 1929 408 1984 per
434 1928 465 1968 se
492 1929 552 1968 non
578 1911 638 1967 sint
662 1911 765 1984 aperta
787 1929 841 1968 nec
863 1913 987 1985 pateant
1011 1929 1112 1968 eorum

96 2002 129 2056 in
163 1999 374 2057 consuetudine
406 1999 540 2072 nomina,
575 2001 640 2056 tum
673 2000 763 2056 etiam
794 2002 1019 2075 praeceptorum
1050 1998 1111 2057 late

97 2091 244 2163 vagantes
264 2088 436 2162 scripturae,
460 2089 486 2145 si
509 2106 568 2145 non
587 2087 801 2145 contrahantur
819 2091 849 2144 et
867 2089 969 2162 paucis
994 2090 1023 2144 et
1045 2106 1110 2162 per·

55 2197 83 2236 so
97 2176 206 2234 lucidis
239 2177 394 2234 sententiis
427 2177 622 2251 explicentur,
653 2177 821 2249 frequentia
852 2167 1112 2256 multitudinelque

97 2266 243 2324 sermonis
257 2265 427 2339 inpediente
440 2266 568 2323 incertas
587 2264 750 2342 legentium
765 2263 893 2321 efficient
907 2264 1111 2340 cogitationes.

97 2357 202 2429 itaque
235 2354 365 2412 occultas
402 2354 618 2412 nominationes
651 2370 893 2426 commensusque
925 2371 941 2410 e
973 2352 1111 2410 membris

98 2461 224 2518 operum
250 2443 459 2517 pronuntiare,
486 2445 521 2499 ut
543 2443 701 2500 memoriae
724 2441 890 2515 tradantur,
911 2441 1041 2498 breviter
1064 2459 1111 2498 cx·

96 2551 218 2607 ponam.
262 2532 304 2588 sic
327 2531 406 2589 enim
429 2531 593 2605 expeditius
617 2550 651 2589 ea
674 2531 803 2604 recipere
825 2533 967 2604 poterimt
988 2533 1111 2588 mentes.

57 2639 160 2680 2511011
182 2619 280 2677 minus
304 2638 370 2677 cum
394 2620 667 2678 animadvertissem
686 2619 846 2676 distentam
870 2619 1110 2694 occupationibus
1131 2632 1148 2678 3

47 2701 105 2791 125ll
122 2710 276 2767 civitatem
307 2708 433 2784 publicis
466 2712 496 2766 ot
522 2708 647 2782 privatis
675 2709 816 2784 negotiiS,
848 2708 951 2783 paucis
982 2708 1112 2766 iudicavi

99 2797 294 2872 scribendum,
318 2798 363 2855 uti
387 2799 513 2873 angusto
537 2799 633 2872 spatio
653 2798 811 2855 vacuitatis
836 2815 870 2854 ea
892 2798 1024 2874 legentes
1047 2797 1111 2854 bre-

97 2889 178 2944 viter
200 2886 350 2961 percipere
373 2889 503 2960 possent.

171 3149 188 3196 4
207 3141 292 3196 velim
306 3144 382 3197 Nohl
401 3145 445 3211 (cf.
457 3161 487 3212 p.
502 3146 548 3208 53,
556 3145 617 3210 20):
636 3143 683 3195 vel
701 3145 733 3212 (l)
752 3142 782 3195 in
800 3160 827 3197 a.
843 3145 851 3212 ll
867 3149 900 3196 10
918 3144 1112 3211 poematorum

97 3231 166 3268 vero
182 3213 338 3268 carminum
351 3216 442 3268 metra
451 3232 478 3268 cc.
493 3216 502 3283 ll
517 3219 549 3266 12
565 3212 712 3267 distinctas
726 3230 856 3267 versuum
866 3233 892 3268 a.
911 3213 914 3284 l
930 3212 1111 3282 proiectando

98 3293 164 3340 onte
182 3302 250 3340 corr.
268 3285 301 3340 G.
320 3287 329 3354 l
349 3291 381 3338 17
402 3301 467 3355 ergo
487 3301 520 3338 ea
535 3285 602 3339 Hs:
624 3299 658 3337 ea
677 3301 743 3352 ergo
760 3286 791 3340 G.
814 3287 824 3353 ΙΙ
846 3289 878 3337 18
897 3283 956 3337 late
974 3284 1114 3348 vagantes

99 3357 196 3426 G(S⁶):
229 3356 289 3409 lata
321 3358 474 3425 evagantes
503 3355 537 3409 Η
565 3363 590 3410 et
622 3362 685 3409 acte
716 3373 784 3410 corr.
814 3356 889 3423 (latae
917 3355 1019 3426 {evagl
1048 3355 1073 3409 S.
1103 3354 1113 3426 ll

98 3444 354 3584 {tilpoptrghentur
371 3462 398 3498 a.
427 3447 435 3514 l
464 3450 496 3497 25
520 3459 575 3496 non
598 3432 649 3497 aut
665 3443 757 3497 minus
772 3444 798 3498 S.
817 3446 820 3513 Ι
837 3448 870 3496 cu
888 3443 983 3513 G(S⁶):
1003 3460 1066 3496 eum
1082 3443 1116 3495 H

159 3532 193 3570 eu
244 3557 250 3569 .
