2416 3922
319 187 366 241 DE
385 186 664 242 ARCHITECTURA
681 187 747 241 LlB.
766 187 826 255 VH,
846 192 869 240 1.
890 193 906 240 2
1050 188 1115 252 163

103 336 204 397 ruderi
232 356 309 397 novo
337 338 427 396 tertia
451 357 522 413 pars
544 340 641 396 testae
667 340 772 396 trmsae
796 337 993 396 admisceatur
1016 338 1117 396 calcis-

105 446 162 502 que
180 426 258 484 duae
276 430 376 502 partes
396 426 434 484 ad
453 428 583 502 quinque
602 427 737 485 mortarii
755 425 946 484 mixtionibus
964 429 1117 502 praestent

51 526 287 591 (2⁰)responsum·
333 508 586 596 statumilnatione
608 516 698 590 facta,
725 515 815 574 rudus
838 515 1005 590 inducatur,
1027 515 1116 591 idque
1135 531 1151 578 6

101 604 217 681 pistum
240 603 410 663 absolutum
428 623 465 662 ne
483 604 581 663 minus
599 604 674 679 pede
693 603 732 662 sit
751 622 890 663 crassum.
926 607 997 662 tunc
1016 606 1117 662 autem

75 693 207 752 enucleo
231 692 361 767 inducto,
384 693 429 750 uti
452 711 541 768 supra
560 693 774 768 scriptumest,
796 693 1001 768 pavimentum
1024 695 1116 751 etes-

101 800 169 840 sera
187 781 294 858 grandi
313 781 430 839 circiter
443 781 546 839 binum
564 781 692 858 digitum
710 799 795 840 caesa
815 784 948 840 struatur
961 781 1116 858 fastigium

99 869 214 929 habens
236 869 268 928 in
291 870 380 946 pedes
403 870 492 928 denos
517 870 626 946 digitos
648 869 742 944 binos,
767 869 845 945 quod
868 871 893 928 si
911 869 985 928 bene
1003 873 1115 945 tempe-

48 967 92 1020 (2⁵)
100 958 218 1017 rabitur
246 961 276 1017 et
302 961 382 1017 recte
409 949 558 1039 fricaltum
584 959 688 1033 fuerit,
720 957 758 1016 ab
786 957 920 1017 omnibus
948 958 1030 1016 vitiis
1059 959 1116 1016 erit

98 1050 210 1106 tutum.
254 1047 301 1105 uti
323 1050 423 1105 autern
449 1047 528 1105 inter
551 1049 724 1124 coagmenta
747 1046 885 1105 materies
909 1046 946 1103 ab
969 1046 1114 1122 gelicidiis

59 1155 139 1196 rone
162 1135 287 1210 laboret,
309 1135 439 1194 fracibus
459 1136 617 1210 quotannis
640 1138 709 1193 ante
731 1134 859 1193 hiemem
877 1137 1033 1193 saturetur.
1070 1135 1115 1192 ita

47 1233 161 1288 ,11511011
183 1224 316 1300 patietur
337 1225 369 1281 in
392 1242 422 1283 se
444 1224 573 1300 recipere
594 1218 599 1301 Ι
619 1223 749 1300 gelicidii
766 1224 912 1299 pruinam.
949 1223 1114 1281 sinautem
1133 1239 1148 1286 1

100 1313 246 1372 curiosius
269 1312 418 1372 videbitur
443 1312 506 1371 fieri
535 1316 684 1388 oportere,
711 1312 829 1389 tegulae
856 1311 1007 1388 bipedales
1036 1311 1114 1369 inter
1170 1373 1172 1377 ,

99 1421 132 1461 se
152 1404 376 1479 coagmentatae
396 1419 485 1476 supra
503 1402 593 1460 rudus
612 1401 762 1460 substrata
779 1401 906 1459 materia
924 1401 1114 1460 conlocentur

98 1490 244 1548 habentes
272 1490 397 1566 singulis
424 1493 666 1567 coagmentorum
692 1488 839 1549 frontibus
868 1491 978 1548 excisos
1002 1490 1112 1547 canali-

47 1579 184 1642 u1⁵cu10s
208 1577 354 1655 digitales.
397 1578 503 1654 quibus
527 1579 637 1638 iunctis
657 1574 661 1657 Ι
682 1579 864 1654 impleantur
887 1579 966 1636 calce
990 1598 1025 1636 ex
1048 1579 1113 1637 oleo

98 1667 226 1726 subacta
246 1668 503 1743 confricenturque
520 1667 600 1726 inter
619 1686 648 1726 se
668 1671 843 1745 coagmenta
861 1685 1037 1743 compressa.
1069 1668 1113 1725 ita

98 1757 166 1814 calx
186 1774 262 1831 quae
281 1756 338 1814 erit
355 1756 479 1814 haerens
497 1756 529 1812 in
548 1756 700 1814 canalibus
719 1756 899 1816 durescendo
919 1759 1112 1831 contexteque

98 1844 302 1904 solidescendo
334 1863 393 1903 non
424 1845 557 1920 patietur
583 1863 693 1920 aquam
724 1865 819 1922 neque
852 1845 944 1903 aliam
969 1864 1032 1902 rem
1059 1864 1112 1920 per

98 1936 277 2009 coagmenta
299 1933 433 1991 transire.
480 1953 547 1992 curn
570 1952 639 2010 ergo
662 1935 753 1993 fuerit
774 1935 830 1994 hoc
853 1935 896 1991 ita
921 1936 1111 2011 perstratum,

47 2032 191 2098 llaosupra
223 2022 344 2080 nucleus
378 2021 537 2080 inducatur
568 2025 598 2081 et
629 2023 721 2099 virgis
742 2015 746 2103 Ι
767 2021 914 2080 caedendo
948 2021 1110 2098 subigatur.

98 2129 192 2186 supra
214 2113 315 2168 autem
338 2110 399 2170 sive
423 2130 458 2168 er
480 2113 590 2169 tessera
613 2111 719 2187 grandi
742 2111 803 2169 sive
827 2130 861 2167 ex
880 2111 962 2186 spica
979 2112 1111 2168 testacea

97 2201 235 2258 struatur
260 2199 389 2276 fastigiis
418 2199 523 2274 quibus
551 2203 596 2258 est
624 2199 891 2274 suprascriptum,
921 2201 950 2255 et
978 2217 1044 2255 oum
1068 2198 1110 2255 sic

98 2290 188 2346 erunt
210 2288 299 2363 iacta,
322 2306 382 2345 non
405 2289 464 2346 cito
487 2288 680 2346 vitiabuntur.

168 2375 242 2434 Cum
264 2395 283 2433 a
305 2378 544 2451 pavimentorum
571 2395 641 2436 cura
664 2376 824 2434 discessum
848 2374 951 2448 fuerit,
979 2377 1050 2431 tunc
1074 2374 1109 2431 de
1123 2383 1150 2436 H

55 2484 85 2533 rs>
96 2464 222 2523 albariis
250 2465 386 2540 operibus
415 2468 460 2523 est
487 2465 700 2540 explicandum.
749 2463 781 2521 id
808 2465 908 2520 autem
936 2463 992 2520 erit
1020 2465 1109 2537 recte,

47 2555 123 2617 [lusi
144 2548 149 2630 Ι
170 2552 294 2630 glaebae
313 2554 402 2611 calcis
421 2554 550 2629 optimae
570 2557 638 2612 ante
656 2555 750 2611 multo
773 2555 906 2627 tempore
925 2570 1017 2626 quarn
1035 2570 1108 2628 opus

95 2642 190 2700 fuerit
216 2642 457 2715 macerabuntur,
483 2642 529 2700 uti
556 2643 581 2701 si
610 2661 668 2717 qua
696 2640 801 2718 glaeba
828 2660 934 2716 parum
960 2641 1050 2698 fuerit
1076 2639 1109 2698 in

94 2731 218 2788 fornace
242 2732 338 2805 cocta,
365 2730 397 2788 in
423 2732 621 2790 maceratione
649 2731 789 2788 diuturna
816 2730 931 2805 liquore
958 2728 1107 2788 defervere

95 2822 202 2878 coacta
224 2838 283 2877 uno
305 2822 407 2878 tenore
430 2823 637 2894 concoquetur.
674 2837 801 2894 namque
824 2837 891 2876 cum
911 2837 970 2876 non
989 2819 1107 2893 penitus

54 2909 248 2968 semacerata
276 2908 326 2966 sed
353 2927 454 2967 recens
482 2909 619 2983 sumitur,
648 2927 714 2966 cum
740 2907 831 2982 fuerit
852 2907 974 2965 inducta
995 2906 1107 2964 habens

47 2988 234 3078 [collaltentes
262 2997 366 3055 crudos
394 2998 522 3055 calculos
545 2997 681 3073 pustulas
706 2997 824 3055 emittit.
869 2995 921 3071 qui
944 2994 1051 3053 calculi
1075 2995 1107 3051 in

166 3188 183 3234 4
201 3183 287 3251 pysti‘r
301 3182 328 3236 S.
345 3186 349 3251 Ι
365 3199 493 3252 grassum
508 3182 545 3236 H.
569 3184 578 3250 ΙΙ
602 3187 617 3235 5
635 3182 728 3235 nudeo
747 3189 809 3237 autc
827 3198 895 3236 corr.
911 3181 943 3235 G.
961 3179 1023 3250 luti
1042 3197 1103 3233 .s.e.

94 3255 138 3308 est
152 3253 218 3321 Hs,
235 3252 279 3306 uti
298 3271 357 3307 .ee.
377 3259 392 3306 e
411 3254 443 3308 G.
458 3256 498 3322 ΙΙΊ
517 3251 623 3322 digitus
642 3253 677 3305 Η
678 3252 705 3308 S.
720 3254 729 3322 ΙΙ
744 3258 777 3305 10
795 3252 922 3322 frugibus
940 3269 967 3305 cr.
982 3253 991 3320 ΙΙ
1006 3256 1040 3303 14
1058 3266 1104 3303 ex-

93 3323 183 3378 celsos
201 3342 228 3378 u.
253 3325 262 3393 Ι
286 3328 318 3376 15
337 3323 470 3393 impletur
492 3323 555 3378 calx
578 3322 663 3393 (calix
682 3323 715 3393 S)
733 3341 760 3378 c.
784 3326 793 3393 Ι
817 3330 848 3377 11
869 3322 941 3376 calix
960 3322 987 3376 S.
1010 3324 1014 3389 1
1039 3337 1104 3374 con-

91 3397 253 3463 testataque
272 3394 459 3450 solidiscendo
476 3397 513 3450 G:
532 3412 583 3450 om.
598 3394 656 3449 Hs
672 3396 731 3463 (olel.
749 3395 802 3464 6⁶).
826 3395 835 3463 Ι
858 3399 892 3446 20
910 3408 1027 3445 nuereue
1042 3393 1079 3446 H.
1094 3391 1105 3464 ΙΙ

92 3472 125 3520 21
147 3466 247 3534 expica
261 3466 306 3533 H,
325 3465 437 3536 exspioa
451 3466 547 3536 8(sz
567 3466 667 3521 ou1.G.
690 3468 699 3536 Ι
723 3471 756 3518 22
776 3467 920 3523 struantur
938 3481 965 3518 rc.
988 3465 997 3532 Ι
1021 3462 1103 3517 28111

92 3554 144 3592 om.
160 3537 195 3592 G.
219 3538 228 3606 ΙΙ
251 3543 284 3591 19
303 3539 465 3606 tem(e)pore
482 3555 509 3592 u.

897 3623 950 3676 n*
