2416 3922
315 167 363 223 DE
381 168 660 224 ARCHITECTURA
679 168 745 225 LIB.
764 169 799 239 V,
818 175 834 222 3
1018 170 1080 233 107

61 319 163 379 tiones
182 318 473 394 substructionesque
489 320 533 378 ita
548 323 634 379 erunt
652 321 814 394 faciendae,
834 320 1081 395 quemadmodum

10 409 100 471 orde
135 407 362 467 fundationibus
397 409 514 467 aedium
550 400 709 491 salorarum
740 410 772 467 in
803 410 894 468 tertio
926 409 1001 467 libro
1035 412 1080 468 est

62 498 219 573 scriptum.
255 498 376 572 insuper
393 498 587 556 fundamenta
606 499 732 574 lapideis
752 502 782 556 et
800 499 973 557 marmoreis
987 499 1080 573 copiis

61 586 257 663 gradationes
285 586 321 643 ab
349 585 568 645 substructione
594 587 659 645 fieri
685 587 801 646 debent.
846 589 1116 662 praecinctionem

35 675 102 735 sad
126 675 303 734 altitudines
325 675 510 733 theatrorum
532 695 586 751 pro
609 678 676 734 rata
698 680 784 752 parte
807 676 960 738 faciendae
978 677 1079 735 viden-

21 772 53 825 (5)
62 767 127 836 tur,
158 782 254 839 neque
285 764 406 823 altiores
435 784 524 839 quam
551 768 664 839 quanta
685 759 689 843 l
709 766 936 841 praecinctionis
964 766 1094 824 itineris

62 855 103 912 sit
121 852 261 912 latitudo.
294 853 320 911 si
338 854 417 910 enim
436 853 608 912 excelsiores
626 854 747 928 fuerint,
764 854 910 929 repellent
929 856 959 911 et
973 855 1081 911 eicient

62 961 77 1000 e
102 943 257 1016 superiore
279 944 365 1016 parte
387 960 490 1000 vocem
512 960 566 1000 nec
589 943 742 1017 patientur
759 944 792 999 in
813 942 930 1001 sedibus
949 944 1080 1016 summis,

62 1049 141 1106 quae
160 1033 232 1089 sunt
251 1049 339 1105 supra
357 1031 600 1106 praecinctiones,
614 1031 771 1089 verborum
790 1050 874 1090 casus
889 1033 969 1088 certa
988 1033 1079 1107 signi·

20 1137 48 1178 no
59 1119 202 1177 ficatione
221 1119 260 1176 ad
278 1138 362 1178 aures
381 1121 543 1194 pervenire.
581 1121 611 1178 et
630 1120 667 1177 ad
686 1139 831 1178 summam
848 1121 892 1177 ita
911 1123 956 1177 est
973 1120 1079 1196 guber-

10 1213 51 1271 (1⁰)
61 1208 197 1266 nandum
220 1209 266 1265 uti
288 1209 367 1266 linea
390 1226 457 1266 oum
480 1208 518 1266 ad
541 1209 633 1266 imum
661 1200 795 1289 graldum
819 1211 848 1265 et
873 1207 910 1265 ad
933 1227 1080 1266 summum

61 1299 186 1356 extenta
204 1297 303 1372 fuerit,
323 1298 421 1355 omnia
436 1298 588 1355 cacumina
607 1297 753 1373 graduum
767 1297 950 1374 angulosque
964 1299 1078 1373 tangat.

59 1387 107 1444 ita
135 1404 194 1443 vox
225 1404 286 1443 non
316 1386 493 1460 inpediatur.
544 1385 642 1444 aditus
675 1386 839 1461 complures
872 1387 902 1443 et
932 1387 1114 1461 spatiosos5

61 1476 185 1549 oportet
212 1474 381 1549 disponere,
413 1493 466 1532 nec
495 1476 668 1533 coniunctos
697 1476 861 1549 superiores
888 1474 1078 1532 inferioribus

21 1582 47 1623 rs
61 1563 116 1621 sed
140 1582 176 1621 ex
200 1562 335 1621 omnibus
358 1563 431 1621 locis
453 1566 613 1638 perpetuos
637 1566 667 1621 et
691 1563 817 1623 directos
836 1565 899 1622 sine
917 1565 1078 1621 inversuris

10 1656 51 1713 us)
59 1652 225 1727 faciendos,
248 1652 294 1710 uti
316 1670 383 1709 cum
404 1652 532 1727 populus
556 1652 726 1710 dimittatur
746 1646 750 1730 l
771 1652 806 1710 de
830 1653 1016 1728 spectaculis,
1041 1672 1078 1710 ne

60 1742 287 1816 comprimatur,
309 1741 361 1799 sed
382 1740 491 1799 habeat
512 1760 547 1799 ex
566 1741 701 1799 omnibus
720 1742 792 1800 locis
811 1743 907 1800 exitus
926 1745 1078 1817 separatos

60 1831 126 1889 sine
150 1829 342 1904 inpeditione.

129 1919 233 1976 Etiam
265 1919 424 1994 diligenter
456 1920 501 1976 est
533 1918 828 1977 animadvertendum
859 1938 896 1977 ne
929 1920 968 1977 sit
996 1921 1078 1979 locus

20 2026 48 2066 ao
63 2007 185 2081 surdus,
215 2006 266 2065 sed
293 2009 327 2064 ut
353 2006 385 2064 in
409 2025 443 2064 eo
466 2027 523 2066 vor
546 2026 637 2082 quarn
660 2007 822 2065 clarissime
845 2008 950 2083 vagari
975 2009 1078 2082 possit.

60 2096 119 2155 hoc
142 2114 213 2154 vero
236 2095 301 2153 fieri
322 2095 367 2153 ita
389 2096 514 2169 poterit,
541 2097 566 2153 si
589 2096 671 2154 loeus
695 2097 805 2153 electus
828 2096 921 2153 fuerit
943 2096 996 2154 ubi
1018 2115 1078 2154 non

10 2191 49 2246 12⁰)
60 2175 246 2259 inpediafftur
262 2184 441 2242 resonantia.
478 2204 535 2243 uox
554 2188 656 2242 autem
675 2187 719 2242 est
739 2183 861 2258 spiritus
880 2184 972 2241 fluens
992 2185 1077 2258 aeris⁷
1097 2199 1113 2247 6

60 2276 151 2332 tactu
179 2273 326 2332 sensibilis
354 2273 469 2331 auditu.
516 2291 551 2331 ea
575 2275 713 2332 movetur
737 2272 913 2330 circulorum
935 2273 1077 2331 rotunda·

59 2361 197 2420 tionibus
219 2361 353 2436 infinitis
376 2361 423 2419 uti
445 2361 471 2420 si
493 2361 525 2418 in
548 2363 678 2419 stantem
700 2379 811 2435 aquam
833 2360 932 2435 lapide
955 2361 1077 2420 inmisso

20 2468 46 2510 es
60 2452 228 2509 nascantur
245 2450 474 2508 innumerabiles
492 2450 640 2508 undarum
659 2449 762 2507 circuli
781 2451 952 2523 crescentes,
976 2469 994 2508 a
1012 2469 1078 2507 cen-

60 2542 110 2599 tro
134 2557 228 2614 quam
254 2539 399 2598 latissime
426 2539 542 2613 possint
566 2541 740 2614 evagantes,
767 2537 826 2596 nisi
853 2538 993 2614 angustia
1018 2540 1078 2597 loci

10 2633 51 2689 1²⁵)
62 2627 304 2703 interpellaverit
323 2623 326 2706 l
348 2629 402 2686 aut
430 2627 533 2702 aliqua
557 2627 679 2685 offensio
703 2645 781 2701 quae
808 2645 869 2684 non
890 2628 1006 2702 patitur
1029 2629 1077 2686 de-

61 2716 248 2794 signationes
275 2735 378 2774 earum
404 2717 552 2774 undarum
580 2717 617 2773 ad
645 2715 740 2773 exitus
765 2716 927 2790 peruenire.
974 2717 1077 2791 itaque

62 2824 132 2864 cum
153 2805 382 2880 interpellentur
405 2804 623 2878 offensionibus,
645 2804 759 2878 primae
782 2804 981 2863 redundantes
1000 2806 1077 2864 inse·

14 2894 222 2970 loquentium
249 2893 419 2952 disturbant
439 2887 442 2971 l
464 2892 691 2969 designationes.
743 2893 846 2951 eadem
877 2894 992 2952 ratione
1020 2907 1112 2955 vox?

22 2999 47 3041 ar
61 2983 108 3041 uti
131 2983 170 3040 ad
194 2981 336 3041 circinum
359 2981 450 3040 efficit
471 2982 631 3056 motioneS‚
655 2981 759 3040 sedin
783 3001 862 3056 aqua
886 2983 988 3040 circuli
1011 2984 1075 3057 pla-

134 3157 151 3205 6
166 3149 271 3206 eicient
288 3167 303 3205 e
322 3150 463 3221 superiore
480 3152 561 3219 parte
578 3150 640 3205 GS:
660 3149 807 3204 eicientem
826 3151 996 3219 superiorem
1012 3168 1076 3220 par-

62 3242 119 3294 tem
133 3239 172 3295 H.
189 3242 198 3309 ΙΙ
213 3244 229 3293 8
247 3239 366 3309 pedibus
386 3247 449 3294 ante
467 3256 535 3293 corr.
551 3224 592 3308 (ri.)
609 3238 653 3292 G0.
670 3241 674 3302 1
692 3238 819 3294 summis:
839 3238 896 3292 suis
910 3256 937 3292 x.
948 3231 991 3307 '09
1011 3241 1077 3293 sunt

63 3329 112 3366 om.
131 3329 153 3366 a
181 3311 255 3378 (odd.
275 3312 319 3380 L).
352 3313 362 3379 11
394 3315 427 3364 15
455 3309 528 3364 sine:
557 3309 617 3363 siue
636 3309 695 3364 Hs
718 3316 744 3363 et
771 3317 833 3364 aute
855 3311 905 3378 ips.
925 3326 993 3363 corr.
1014 3310 1048 3364 G.
1067 3311 1078 3382 ll

64 3388 96 3434 22
115 3381 188 3450 in(m
202 3381 426 3451 86⁶)pediantur
443 3400 470 3435 r.
492 3385 495 3446 Ι
517 3383 572 3435 est:
591 3383 623 3434 ut
638 3398 666 3434 rc.
694 3382 703 3449 ll
731 3386 764 3433 23
783 3382 874 3434 tactu:
896 3379 959 3448 &(et
975 3381 1078 3449 G)actu

63 3471 89 3507 a.
113 3455 123 3523 ΙΙ
146 3457 181 3506 26
200 3452 310 3522 possint
328 3451 351 3504 dt
369 3454 506 3522 vagantes
524 3471 551 3507 x.
580 3455 589 3521 ΙΙ
617 3458 649 3505 31
669 3455 722 3506 uti:
743 3451 786 3505 ita
803 3469 830 3506 a.
858 3455 861 3521 l
886 3451 1021 3520 ininaqua
1037 3453 1078 3520 H,

64 3523 186 3593 inaquae
202 3524 247 3579 (3⁶.
