2416 3922
369 166 417 221 DE
436 165 716 222 ARCHITECTURA
733 167 800 221 LIB.
818 167 839 236 Ι,
860 173 875 221 7
1085 167 1128 231 29

73 329 107 381 (5)
118 317 263 376 stituatur
274 308 278 398 1
290 316 426 394 eligenda
439 317 571 392 proxime
585 320 715 392 portum,
729 317 776 375 sin
789 320 892 376 autem
904 318 1128 394 mediterranea,

117 407 151 464 in
179 404 288 481 oppido
315 406 420 464 medio.
471 405 594 464 aedibus
620 424 690 465 vero
718 405 822 481 sacris,
853 425 981 481 quorum
1009 405 1130 464 deorum

118 495 247 552 maxime
274 494 305 551 in
328 494 423 553 tutela
451 494 557 553 civitas
579 493 698 553 videtur
720 511 797 568 esse,
825 497 855 553 et
876 494 942 554 Iovi
969 498 999 553 ct
1021 494 1130 554 Iunoni

120 586 152 642 et
173 583 325 642 Minervae
352 583 384 640 in
411 582 608 642 excelsissimo
635 583 700 642 loco
725 583 803 641 unde
826 583 978 642 moenium
1000 584 1130 641 maxima

92 689 191 747 spars
215 671 416 746 conspiciatur
439 690 525 729 areae
549 671 773 730 distribuantur.
809 671 955 731 Mercurio
975 675 1077 730 autem
1099 671 1131 729 in

62 761 202 833 (1⁰)foro,
230 761 283 818 aut
307 760 397 818 etiam
420 762 454 818 ut
474 751 478 840 1
498 760 573 818 Isidi
597 763 627 818 et
651 759 755 836 Serapi
777 761 809 817 in
833 760 973 836 emporio,
996 759 1132 835 Apollini

52 845 53 852 '
119 847 265 923 Patrique
292 847 399 907 Libero
429 849 588 907 secundum
614 849 780 923 theatrum,
811 849 934 908 Herculi
964 850 996 906 in
1024 849 1131 924 quibus

120 937 295 997 civitatibus
332 957 391 996 non
426 941 496 996 sunt
527 937 683 1014 gymnasia
715 957 810 1013 neque
842 938 1062 1014 amphitheatra
1094 936 1132 996 ad

121 1025 241 1099 circum,
254 1025 346 1084 Marti
365 1028 448 1084 extra
466 1025 570 1084 urbem
588 1025 639 1084 sed
658 1026 696 1083 ad
714 1045 860 1101 campum,
877 1027 1008 1102 itemque
1022 1025 1134 1085 Veneri

80 1140 107 1178 ιο
122 1113 162 1172 ad
184 1116 314 1189 portum.
360 1114 391 1171 id
413 1117 515 1173 autem
538 1115 629 1172 ctiam
651 1115 786 1172 Etruscis
813 1115 1019 1190 haruspicibus
1046 1115 1131 1173 disci·

63 1218 112 1270 (15)
121 1203 274 1279 plinarum
287 1203 441 1278 scripturis
455 1203 500 1261 ita
512 1206 557 1262 est
571 1203 747 1277 dedicatum,
762 1204 846 1261 extra
862 1193 865 1283 1
881 1223 1000 1261 murum
1008 1203 1132 1262 Veneris

120 1291 250 1351 Volcani
272 1290 379 1350 Martis
406 1292 477 1350 fana
503 1292 570 1350 ideo
594 1292 741 1350 conlocari
768 1292 816 1349 uti
843 1311 902 1350 non
928 1291 1079 1350 insuescat
1100 1291 1133 1350 in

121 1380 195 1438 urbe
214 1380 451 1439 adulescentibus
468 1399 520 1439 seu
533 1379 680 1439 matribus
698 1380 881 1439 familiarum
894 1380 1014 1438 veneria
1031 1379 1133 1454 libido,

121 1468 310 1544 Volcanique
323 1469 354 1528 vi
373 1489 388 1527 e
407 1469 559 1528 moenibus
577 1469 772 1546 religionibus
791 1471 822 1527 et
840 1469 990 1527 sacrificiis
1010 1471 1134 1528 evocata

81 1581 108 1622 15
124 1557 163 1616 ab
186 1557 293 1616 timore
312 1557 515 1616 incendiorum
533 1557 668 1616 aedificia
686 1557 846 1616 videantur
863 1557 991 1616 liberari.
1028 1557 1133 1616 Martis

66 1661 196 1714 (sowere
223 1645 364 1705 divinitas
393 1665 461 1704 cum
488 1647 528 1705 sit
555 1650 638 1705 extra
665 1647 782 1706 moenia
806 1637 963 1728 dedilcata,
990 1665 1050 1704 non
1077 1645 1134 1704 erit

122 1735 205 1792 inter
223 1734 300 1794 cives
324 1735 471 1811 armigera
494 1735 646 1809 dissensio,
670 1734 721 1794 sed
744 1735 781 1793 ab
803 1735 939 1794 hostibus
961 1753 996 1794 ea
1014 1735 1135 1794 defensa

126 1843 145 1881 a
177 1822 249 1882 belli
280 1823 412 1898 periculo
444 1823 638 1882 conservabit.
687 1824 760 1882 item
787 1822 887 1883 Cereri
919 1825 1003 1882 extra
1032 1824 1169 1888 urbema

124 1912 201 1986 loco,
224 1931 283 1986 quo
305 1932 366 1971 uon
390 1931 489 1972 omnes
513 1931 629 1988 semper
649 1912 783 1972 homines
806 1913 865 1971 nisi
886 1932 939 1988 per
959 1912 1135 1971 sacrificium

84 2027 112 2065 20
125 2018 244 2059 necesse
266 2001 402 2074 habeant
419 2001 509 2076 adire,
533 2020 599 2059 cum
621 2001 759 2077 religiose
783 2003 862 2060 caste
886 2001 1055 2077 sanctisque
1073 2020 1134 2060 mo·

125 2088 210 2148 ribus
228 2089 253 2147 is
272 2089 354 2148 locus
373 2090 479 2148 debeat
496 2090 582 2148 tueri.
617 2090 780 2165 ceterisque
795 2090 850 2148 diis
870 2090 908 2147 ad
926 2089 1136 2149 sacrificiorum

72 2169 277 2259 (25)lrationes
301 2181 388 2254 aptae
411 2178 530 2253 templis
554 2197 640 2237 areae
663 2181 733 2236 s'unt
755 2178 984 2236 distribuendae.

194 2266 239 2324 De
262 2267 334 2342 ipsis
359 2269 458 2325 autem
481 2266 602 2326 aedibus
626 2267 715 2325 sacris
738 2267 885 2324 faciundis
914 2269 944 2324 et
970 2265 1006 2323 de
1034 2285 1137 2324 earum

128 2355 308 2431 symmetriis
331 2355 363 2413 in
384 2355 474 2414 tertio
498 2358 528 2414 et
550 2358 658 2431 quarto
681 2354 831 2414 volumine
853 2353 975 2412 reddam
997 2353 1136 2431 rationes,

75 2458 111 2512 31
129 2443 202 2519 quia
223 2439 226 2522 1
246 2443 279 2501 in
310 2443 438 2503 secundo
465 2444 564 2503 visum
596 2446 641 2502 est
666 2443 740 2501 mihi
766 2442 896 2518 primum
928 2443 963 2501 dc
993 2442 1136 2501 materiae

88 2560 114 2598 25
129 2531 222 2607 copiis
246 2551 323 2607 quae
345 2533 377 2591 in
400 2532 540 2592 aedificiis
564 2535 635 2591 sunt
656 2531 816 2607 parandae,
839 2531 947 2608 quibus
966 2531 1026 2590 sint
1042 2531 1137 2590 virtu·

128 2620 210 2679 tibus
243 2622 273 2678 et
305 2641 392 2696 quem
422 2621 554 2680 habeant
580 2640 668 2680 usum
696 2640 853 2696 exponere,
883 2615 1031 2700 (deinde)
1058 2640 1137 2679 ccm-

129 2727 249 2768 mensus
281 2709 483 2770 aedificiorum
515 2713 545 2768 et
576 2709 693 2769 ordines
721 2713 752 2768 et
778 2729 887 2786 genera
914 2710 1032 2787 singula
1060 2728 1137 2785 sym·

89 2797 304 2866 (ametriarum
329 2818 470 2876 peragere
494 2801 524 2858 et
547 2799 578 2857 in
601 2789 734 2879 sinlgulis
757 2798 959 2857 voluminibus
982 2799 1137 2874 explicare.

203 2974 218 3020 1
238 2966 442 3022 mediterraneo
460 2985 487 3022 x.
511 2970 520 3037 11
543 2974 558 3020 3
579 2970 607 3021 et
625 2967 703 3037 (iovi)
721 2968 755 3021 Η
759 2967 796 3022 G:
822 2969 854 3020 ut
872 2968 899 3021 S.
923 2969 932 3036 11
956 2973 989 3020 10
1008 2965 1138 3020 &hruscis

131 3038 171 3093 H.
185 3039 195 3106 11
211 3040 310 3107 11114)
323 3038 437 3093 uolcani
452 3041 493 3093 ll:
512 3037 627 3092 uulcani
643 3039 700 3099 GS.
717 3042 720 3108 1
737 3037 816 3092 ideo:
835 3037 888 3091 deo
903 3040 977 3106 (ante
990 3035 1082 3105 eorr.')
1093 3036 1120 3091 S.

132 3108 295 3163 insuescunt
311 3126 332 3164 a
354 3111 424 3179 (cat
442 3108 492 3178 δ’).
515 3110 525 3178 11
548 3114 581 3162 13
605 3107 829 3163 adolescentibus
854 3108 912 3164 GS.
935 3111 944 3178 11
968 3113 1000 3161 14
1018 3106 1061 3160 vis
1084 3125 1111 3161 a.
1129 3106 1133 3179 1

136 3185 169 3232 lo
184 3179 221 3234 ab
236 3179 358 3251 (timore)
372 3181 440 3236 HS:
457 3197 474 3233 a
489 3179 522 3234 G.
537 3181 546 3250 11
561 3185 592 3232 1⁷
608 3179 723 3234 defensa
739 3178 835 3250 Gld’h
855 3178 892 3232 -si
906 3179 967 3234 HS.
982 3183 991 3246 11
1006 3184 1039 3231 18
1054 3194 1141 3232 ceren

135 3251 197 3306 GS:
221 3250 294 3304 cerci
307 3252 346 3305 Η.
369 3253 373 3322 1
402 3256 435 3304 19
453 3267 510 3305 non
533 3266 641 3304 omnes:
663 3250 775 3304 nominc
793 3268 813 3304 a
830 3250 897 3318 (scil.
917 3266 951 3304 ea
967 3255 1139 3304 nomnesem·

132 3322 481 3462 lss‘alilllat'ttt
494 3320 733 3462 a'ltlttt
746 3323 804 3447 ¹¹3³
823 3337 931 3375 emm*
951 3337 1078 3375 mamm
1091 3338 1119 3377 ω·
1130 3319 1141 3394 ¹¹
