2416 3922
329 142 378 196 11
396 138 676 229 Aacmrncrual
694 141 761 198 mn.
780 140 813 211 v,
834 148 867 195 12
1042 142 1104 207 129

159 293 197 351 11
220 290 328 370 quibus
350 293 452 351 autern
470 292 542 351 locis
560 292 659 368 pulvis
678 309 738 351 non
756 291 897 367 nescitum,
919 291 967 351 his
985 292 1108 353 rationi-
1128 309 1144 358 5

92 383 149 442 bus
172 380 232 441 erit
258 379 429 440 radendum
455 380 501 439 uti
528 398 615 440 arcae
643 379 774 457 duplices
803 379 935 440 ustilatis
964 380 1052 441 taleis
1080 384 1110 440 et

93 470 209 531 catenis
232 469 401 547 conligatae
423 469 456 526 11
479 489 513 529 eo
531 470 597 529 loco
617 469 669 545 qui
686 469 789 529 finitus
807 471 864 528 erit
882 469 1110 546 constituantur,

93 562 124 619 et
145 560 229 618 inter
244 559 375 618 destinas
396 560 478 617 creta
495 558 528 616 in
548 557 706 617 aeronibus
725 579 761 618 ex
778 559 852 618 ulva
870 559 999 635 palustri
1021 559 1110 618 factis

47 640 102 730 15111
123 649 263 707 calcetur.
314 666 381 706 cum
407 647 451 705 ita
477 645 552 705 bene
581 646 728 706 calcatum
755 649 785 706 et
817 665 907 722 quam
939 647 1110 706 densissime

96 737 199 811 fuerit,
220 739 293 795 tunc
316 734 421 794 cocleis
445 734 519 794 rotis
541 735 693 811 tympanis
716 735 878 795 conlocatis
901 736 984 796 locus
1005 736 1113 811 quiea

96 826 253 902 saeptione
270 823 372 883 finitus
390 824 484 882 fuerit
502 823 692 883 exinaniatur
709 826 904 900 siccaturque,
927 828 957 884 et
973 825 1016 882 ibi
1034 825 1113 883 inter

96 914 268 991 saeptiones
290 912 486 971 frmdameuta
508 912 669 971 fodiantur.
706 912 873 972 siterrena
896 916 991 988 erunt,
1017 932 1115 990 usque

96 1003 135 1061 ad
160 1001 288 1062 solidum
311 1000 455 1060 crassiora
483 1019 573 1076 quam
597 1001 649 1077 qui
671 1020 772 1060 murus
799 1020 891 1077 supra
913 1003 1032 1060 futunu
1056 1003 1113 1060 arit

47 1091 309 1157 1)]00111111111111
328 1090 333 1163 Ι
354 1090 569 1165 siccanturque,
591 1093 622 1148 et
639 1092 711 1149 tunc
730 1092 880 1150 structum
899 1110 934 1148 ex
952 1091 1111 1149 caementis

97 1179 180 1240 calce
204 1180 235 1238 et
256 1179 368 1237 harena
391 1178 604 1254 compleantur.
641 1178 688 1237 sin
706 1181 808 1237 autem
825 1179 924 1238 mollis
944 1178 1026 1238 locus
1046 1179 1150 1254 erite

94 1268 175 1346 palis
199 1267 332 1326 ustilatis
356 1267 449 1326 alneis
473 1269 528 1325 aut
551 1266 712 1343 oleagineis
736 1267 903 1344 configatur
925 1270 956 1326 et
978 1267 1110 1327 carboni-

94 1357 154 1416 bus
188 1356 382 1432 compleatur,
415 1354 666 1431 quemadmodum
696 1356 728 1414 in
759 1356 945 1414 theatrorum
972 1359 1003 1414 et
1032 1356 1112 1414 muri

96 1442 327 1504 fundationibus
360 1447 405 1503 est
431 1444 582 1519 scriptum.
634 1444 738 1502 deinde
765 1447 837 1503 tunc
865 1445 1012 1520 quadrato
1040 1463 1111 1504 saxo

47 1547 202 1598 ¹numurus
230 1526 357 1593 ducatur
383 1531 529 1592 iuncturis
550 1526 554 1610 Ι
576 1551 667 1608 quam
693 1533 888 1610 longissimis,
915 1533 961 1592 uti
982 1533 1110 1592 maxime

90 1623 186 1682 medii
216 1621 331 1698 lapides
364 1620 547 1699 coagmentis
580 1621 795 1681 contineantur.
846 1625 917 1681 tunc
945 1622 997 1698 qui
1025 1623 1108 1681 locus

91 1712 152 1770 erit
178 1710 259 1768 inter
284 1729 405 1768 murum
431 1709 620 1768 ruderatione
648 1711 710 1770 sive
738 1713 889 1770 structura
915 1712 1107 1787 compleatur.

90 1801 137 1859 ita
162 1798 220 1856 erit
241 1799 287 1857 uti
309 1798 405 1874 possit
426 1797 517 1857 turris
540 1798 662 1874 insuper
684 1798 842 1859 aedificari.
927 1816 936 1837 ·

161 1881 219 1946 His
236 1886 375 1963 perfectis
393 1885 582 1946 navaliorum
601 1905 635 1945 aa
659 1888 716 1946 erit
736 1889 815 1948 ratio
833 1891 870 1946 ut
888 1889 1109 1948 constituantur
1129 1905 1143 1953 7

47 1969 100 2060 sl}
121 1975 290 2053 spectantia
316 1974 443 2034 maxime
472 1975 511 2033 ad
538 1975 779 2051 septentrionem.
828 1995 900 2034 nam
926 1975 1108 2037 meridianae

52 2089 77 2128 21
92 2062 232 2144 regiones
258 2066 382 2141 propter
408 2065 507 2122 aestus
535 2064 645 2123 cariem
673 2065 787 2122 tineam
809 2065 955 2124 teredines
978 2066 1107 2141 reliqua-

93 2173 155 2231 que
177 2151 341 2212 bestiarum
362 2152 534 2212 nocentium
554 2172 663 2230 genera
680 2156 839 2228 procreant
856 2153 1021 2229 alendoque
1040 2173 1107 2213 con·

91 2243 229 2317 servant,
257 2260 350 2318 eaque
378 2240 513 2299 aedificia
538 2241 660 2300 minime
683 2244 754 2300 sunt
775 2240 962 2299 materianda
984 2245 1107 2317 propter

51 2329 241 2395 (elincendia.
267 2325 271 2408 1
299 2329 335 2387 da
362 2329 617 2407 magnitudinibus
650 2332 751 2388 autem
783 2328 878 2388 finitio
906 2329 991 2386 nulla
1020 2329 1107 2389 debet

52 2441 77 2482 aa
92 2434 172 2495 esse,
202 2418 253 2478 sed
275 2416 414 2478 faciunda
437 2417 474 2476 ad
497 2418 661 2475 maximum
682 2418 806 2477 navium
828 2417 957 2492 modum,
980 2417 1024 2475 uti
1049 2419 1105 2477 etsi

89 2509 221 2568 maiores
244 2525 334 2566 naves
357 2505 518 2566 subductae
541 2506 667 2581 fuerint,
690 2506 820 2565 habeant
843 2525 909 2565 cum
935 2505 1105 2566 laxamento

90 2597 135 2656 ibi
159 2595 401 2656 conlocationem.

161 2682 243 2754 Quae
261 2683 427 2743 necessaria
446 2683 484 2741 ad
502 2683 665 2742 utilitatem
682 2683 714 2741 in
731 2682 900 2742 civitatibus
919 2683 1105 2759 publicorum

90 2774 227 2834 locorum
255 2791 422 2833 succurrere
450 2772 524 2830 mihi
551 2774 726 2848 potuerunt,
759 2773 1008 2848 quemadmodum
1038 2793 1104 2833 con·

164 3001 180 3049 2
200 2994 325 3049 ustilatis
343 2993 440 3050 taleis:
459 2993 556 3048 relatis
577 2993 683 3048 tabulis
701 3012 722 3049 a
738 2996 785 3063 (cf.
799 3012 830 3063 p.
849 2999 895 3062 21,
908 2996 964 3064 23).
991 2997 1001 3064 11
1027 2994 1103 3048 411-

90 3065 238 3122 arcnibus:
266 3068 305 3121 sic
322 3083 342 3119 a
360 3066 435 3134 (aero
455 3068 512 3121 κόϊξ
536 3065 703 3124 00111112
729 3067 779 3120 aab
792 3065 838 3134 Α).
868 3065 873 3134 Ι
901 3064 1022 3135 plaustri
1042 3065 1104 3136 (1.1

90 3144 107 3193 6
126 3136 241 3192 clocleis
259 3137 450 3192 0111110111.
469 3137 479 3205 ΙΙ
499 3143 513 3191 1
534 3135 660 3204 scptione
678 3154 705 3191 a.
725 3138 734 3206 ΙΙ
754 3140 769 3188 8
790 3135 929 3204 captiones
946 3154 974 3190 a.
992 3138 995 3204 Ι
1011 3138 1103 3189 terrea

89 3215 156 3264 acte
174 3225 243 3263 corr.
259 3208 293 3263 G.
316 3208 325 3276 ΙΙ
349 3207 582 3262 10·exinaniatur
600 3206 774 3275 siccaturque
791 3224 819 3262 a.
837 3207 923 3278 11110
942 3206 1009 3261 HS:
1028 3222 1102 3259 nunc

91 3279 127 3335 G.
151 3281 161 3350 11
184 3285 216 3332 11
237 3278 421 3348 conpleantur
440 3279 479 3334 G:
503 3277 675 3347 compleatur
693 3278 728 3332 Η
730 3278 821 3347 S(G⁶).
837 3280 843 3348 Ι
859 3277 913 3332 erit
931 3277 965 3332 H
967 3277 998 3332 S:
1016 3276 1102 3330 fuerit

90 3351 125 3406 θ.
140 3353 152 3421 ΙΙ
166 3355 199 3404 12
215 3351 285 3404 confi
307 3351 406 3403 antur.
419 3351 508 3419 ..(13)
523 3354 616 3410 001111
632 3349 800 3420 G)pleantur
813 3366 841 3403 a.
856 3351 865 3419 ΙΙ
879 3353 913 3401 22
927 3347 1101 3401 materianda

89 3423 124 3477 Η
127 3421 150 3477 S
165 3421 263 3491 (anda
305 3423 323 3490 ).
346 3422 355 3490 11
378 3426 415 3474 211
429 3419 563 3474 faciunda
577 3420 611 3474 H
614 3421 652 3477 G:
671 3418 802 3475 facienda
815 3419 842 3474 S.
865 3421 875 3488 ΙΙ
897 3425 930 3472 29
948 3421 1101 3488 potuerunt

91 3493 131 3549 G:
150 3494 283 3562 poterunt
297 3491 359 3546 Ha.

144 3591 247 3632 Vmuv.
262 3591 290 3631 da
307 3590 425 3630 architect.
440 3591 474 3631 ed.
488 3590 567 3631 Rosa.
906 3583 921 3631 9
