2416 3922
120 173 183 238 138
344 217 345 220 ,
541 173 706 228 VITRUVII

118 324 258 399 iecturae‚
271 325 453 383 mutulorum
466 324 618 400 ecphorae,
630 323 782 400 signorum
795 322 906 401 figurae
920 323 1129 400 prominentes,

119 432 186 472 cum
213 412 253 471 sit
279 411 383 470 tabula
410 412 473 471 sinc
500 412 589 471 dubio
617 412 656 470 ad
681 412 816 489 regulam
842 413 942 488 plana.
993 412 1129 471 similiter

119 502 151 560 in
173 500 298 560 navibus
320 500 395 559 remi
418 520 485 560 cum
508 501 568 561 sint
590 499 643 560 sub
668 520 745 576 aqua
767 500 885 575 directi,
912 504 1015 560 tamen
1039 501 1129 561 oculis

119 590 240 648 infracti
262 589 408 663 videntur,
432 592 462 648 et
485 597 630 665 quatenus
654 607 755 647 eorum
776 591 877 665 partes
900 591 1032 666 tangrmt
1054 608 1129 650 surn-

119 698 199 737 mam
219 672 223 757 Ι
243 678 399 753 planitiem
421 678 560 754 liquoriS,
588 680 734 754 apparent
755 678 802 736 uti
824 680 895 736 sunt
912 678 1038 754 directi,
1065 688 1175 740 cummi]

119 786 189 826 vero
213 766 266 825 suh
291 786 368 843 aqua
391 770 461 826 sunt
482 767 611 842 demissi,
632 786 686 842 per
706 770 829 824 naturae
851 767 1037 842 perlucidam
1058 767 1128 826 rari·

119 858 214 914 tatem
235 857 393 914 remittunt
411 858 565 914 enatantes
584 855 620 913 ab
640 855 700 914 suis
720 854 891 931 corporibus
913 855 1039 915 fluentes
1058 855 1128 914 ima·

120 945 203 1021 gines
227 944 265 1002 ad
288 962 433 1003 summam
456 962 551 1019 aquae
573 943 730 1019 planitiem
753 946 842 1018 atque
865 961 917 1002 eae
939 943 983 1002 ibi
1004 962 1129 1004 commo·

119 1035 169 1093 tae
192 1032 307 1092 efficere
329 1032 468 1092 videntur
494 1034 654 1091 infractum
680 1051 830 1091 remorum
855 1031 947 1092 oculis
971 1035 1130 1109 aspectum.

85 1122 176 1183 3hoc
208 1124 307 1180 autem
339 1122 401 1181 sive
431 1113 665 1202 simullacrorum
691 1121 812 1196 inpulsu
839 1139 890 1180 seu
917 1120 1072 1180 radiorum
1097 1132 1175 1182 exult

121 1210 213 1270 oculis
246 1210 437 1269 effusionibus
464 1209 510 1268 uti
537 1209 668 1285 physicis
700 1210 800 1285 placet
819 1209 974 1283 ridemus,
1006 1213 1130 1287 utraque

119 1300 235 1358 ratione
253 1299 373 1358 videtur
394 1300 438 1357 ita
461 1316 524 1358 esse
547 1298 593 1357 uti
615 1299 692 1357 falsa
715 1297 825 1356 iudicia
847 1298 1002 1357 oculorum
1023 1299 1131 1358 habeat

84 1391 265 1464 4aspeotus.
314 1407 381 1446 cum
408 1405 477 1464 ergo
510 1406 586 1462 quae
617 1390 687 1446 sunt
713 1405 783 1446 vera
814 1387 891 1446 falsa
917 1387 1078 1447 videantur
1103 1391 1131 1446 et

119 1477 263 1534 nonnulla
294 1476 383 1535 aliter
415 1493 505 1551 quam
537 1477 607 1535 sunt
638 1473 731 1535 oeulis
763 1474 933 1551 probentur,
965 1495 1027 1535 non
1058 1479 1131 1553 puto

120 1567 256 1641 oportere
293 1583 355 1623 esse
392 1563 514 1621 dubium
551 1565 623 1640 quin
660 1564 698 1622 ad
737 1564 871 1623 locorum
909 1555 1044 1646 nalturas
1081 1567 1175 1625 auaro

119 1653 309 1712 necessitates
349 1652 547 1711 detractiones
589 1655 641 1711 aut
682 1652 860 1712 adiectiones
900 1653 966 1712 fieri
1006 1653 1131 1712 debeant

119 1741 164 1799 ita
195 1741 241 1798 uti
272 1741 347 1798 nihil
378 1742 410 1798 in
441 1741 487 1800 his
520 1741 656 1817 operibus
689 1741 881 1800 desideretur.
930 1741 1005 1800 haec
1034 1745 1131 1802 autem

121 1829 212 1888 etiarn
233 1829 420 1906 ingeniorum
443 1829 625 1889 acuminibus
643 1848 704 1889 non
722 1831 818 1889 solum
836 1829 978 1889 doctrinis
1002 1831 1133 1891 efficiun-

86 1933 101 1980 5
121 1921 180 1976 tur.
224 1917 319 1995 igitur
342 1918 498 1977 statuenda
522 1921 566 1977 est
588 1919 720 1994 primurn
742 1918 820 1978 ratio
844 1919 1094 1995 symmetriarum,
1115 1939 1132 1978 a

122 2025 181 2082 qua
204 2009 338 2066 sumatur
360 2007 423 2066 sine
446 2006 631 2065 dubitatione
655 2007 857 2066 commutatio.
902 2007 1008 2066 deinde
1032 2000 1175 2089 ariph-wll

120 2097 204 2155 cetur
235 2096 332 2171 operis
363 2096 459 2154 futuri
490 2096 622 2155 locorum
653 2096 747 2153 imum
774 2095 905 2171 spatium
935 2096 1130 2173 longitudinis

121 2177 195 2266 l<⁰l
212 2179 412 2263 latitudinis),
431 2185 514 2243 cuius
534 2203 601 2243 cum
619 2185 709 2244 semel
728 2184 890 2243 constituta
907 2184 1000 2242 fuerit
1018 2185 1175 2264 magni-ll(

119 2273 201 2348 tudo,
225 2275 366 2348 sequatur
385 2291 451 2332 earn
468 2272 669 2348 proportionis
689 2272 726 2331 ad
744 2273 879 2333 decorem
898 2275 1065 2350 apparatio,
1087 2275 1131 2333 uti

119 2381 179 2420 non
207 2363 247 2421 sit
273 2361 527 2420 considerantibus
556 2364 692 2437 aspectus
721 2361 905 2437 empthmiae
935 2361 1052 2422 dubius.
1097 2363 1130 2421 dc

120 2470 178 2525 qua
206 2450 312 2526 quibus
339 2449 503 2509 rationibus
532 2449 678 2509 efficiatur
706 2453 751 2509 est
773 2450 847 2508 mihi
868 2450 1161 2526 pronuntiandum

118 2539 305 2613 primumque
328 2538 363 2596 de
385 2532 388 2616 l
409 2539 489 2598 cavis
513 2538 630 2597 aedium
652 2537 698 2596 uti
719 2538 784 2597 fieri
806 2537 914 2596 debent
936 2539 1044 2599 dicam.
1137 2548 1160 2598 (ὁ)

65 2635 104 2688 ΠΙ
187 2624 265 2685 (lava
284 2626 402 2685 aedium
420 2627 553 2703 quinque
571 2626 727 2704 generibus
746 2630 815 2685 sunt
834 2627 983 2702 distincta,
1007 2646 1130 2703 quorum

117 2714 161 2772 ita
179 2713 291 2791 figurae
304 2717 505 2790 nominantur,
523 2717 717 2790 tuscanicum,
736 2715 923 2789 corinthium,
940 2718 1128 2793 tetrastylon,

118 2803 343 2879 displuviatum,
366 2804 590 2863 testudinatum.
626 2803 778 2862 tuscanica
797 2804 916 2862 suntin
940 2804 1048 2879 quihus
1071 2808 1131 2865 tru-

117 2891 169 2950 bes
200 2892 233 2951 in
260 2893 329 2950 atrii
360 2893 519 2951 latitudine
547 2892 690 2951 traiectae
720 2891 832 2950 habent
865 2892 1069 2969 interpensiva
1102 2895 1161 2953 etro

190 3031 203 3079 1
220 3026 338 3100 ecphorp
355 3026 392 3082 G:
411 3025 546 3094 ecphorae
560 3026 601 3093 H,
632 3008 713 3107 sborp
728 3025 753 3080 S,
769 3026 778 3094 ΙΙ
792 3029 808 3077 3
824 3023 882 3078 sint
895 3024 947 3078 sub
962 3028 1038 3095 (arcte
1051 3027 1129 3089 corr.)

118 3113 168 3151 om.
184 3098 235 3166 ›51ss
250 3102 265 3150 5
283 3096 400 3166 liquoris
417 3097 454 3151 Gt
473 3113 528 3150 -res
543 3043 660 3166 fidite
680 3095 790 3152 dimissi
807 3097 889 3165 oassss
908 3111 958 3150 eae
973 3096 1008 3150 H
1024 3098 1128 3172 (epdb

117 3167 171 3222 hae
191 3169 225 3224 G.
253 3170 262 3238 ΙΙ
291 3173 324 3221 10
343 3167 403 3222 sius
421 3167 488 3222 HS:
511 3167 571 3221 sine
592 3167 624 3222 θ.
652 3170 662 3236 l
690 3168 890 3234 matrumque
914 3168 1046 3236 (utraque
1066 3168 1128 3237 GS)

117 3237 256 3293 rationem
273 3241 311 3309 (e
328 3238 391 3306 (ΞΒ)
406 3256 433 3292 ro.
456 3240 466 3308 ΙΙ
490 3243 522 3291 15
542 3237 611 3306 quin
627 3238 664 3294 G:
684 3254 768 3307 quarn
787 3239 853 3306 (qua
867 3237 901 3305 S)
916 3237 979 3293 HS.
1003 3240 1013 3308 ΙΙ
1038 3244 1071 3293 17
1089 3238 1129 3294 ia

117 3310 386 3380 Mulier-orreorum
415 3309 465 3363 sed
491 3309 533 3363 ita
556 3327 583 3364 ao.
615 3310 624 3379 l
658 3314 689 3362 19
718 3324 793 3376 aqua
811 3307 943 3377 HS(G⁶)=
973 3325 1046 3381 eque
1070 3310 1103 3367 θ.
1120 3310 1129 3381 ll

118 3385 151 3432 21
171 3380 270 3436 imum:
289 3381 529 3462 unum(·1'18)o.
553 3383 562 3451 ΙΙ
585 3385 618 3433 22
638 3382 668 3433 et
685 3377 846 3433 latitudinis
864 3395 916 3433 om.
931 3396 959 3434 a.
981 3381 987 3449 Ι
1007 3397 1072 3436 cum
1091 3380 1127 3436 G:

117 3467 167 3504 om.
185 3451 249 3506 HS.
276 3452 285 3521 ss
314 3456 348 3505 24
367 3451 497 3524 pnthmrp
516 3451 543 3507 S.
570 3453 581 3523 ΙΙ
608 3455 641 3503 26
662 3449 767 3503 debent
783 3450 828 3505 H:
853 3449 976 3504 debeant
995 3450 1102 3508 H⁰SG.
1120 3453 1129 3522 ll

118 3525 152 3575 30
170 3521 295 3575 habeant
311 3539 332 3577 a
351 3524 428 3590 (corr.
448 3521 544 3591 Mun).
