2416 3922
122 157 186 222 102
543 155 709 209 11111111

187 299 367 389 {Etiamque
389 307 578 383 Pythagorae
607 308 717 382 quique
745 309 807 366 eius
837 307 983 366 haeresim
1013 308 1183 372 1111111104

120 399 213 456 secuti
235 397 349 472 placuit
372 395 482 471 cybicis
505 395 670 455 rationibus
692 400 853 472 praecepta
875 398 908 454 in
930 396 1130 456 voluminibus

120 485 255 559 scribere,
278 486 554 559 constitueruntque
577 484 685 560 cybum
703 503 796 543 ccxvi
814 503 916 544 versus
940 503 1051 560 eosque
1074 505 1131 544 non

119 576 186 650 plus
214 577 274 632 tres
302 575 335 631 in
361 593 420 631 una
448 573 664 648 conscriptione
692 577 829 649 oportere
852 593 916 633 esse
941 577 1129 649 putaverimt.

84 655 232 745 clcybus
261 666 361 720 autem
389 665 434 720 est
461 680 565 737 corpus
594 682 630 720 ex
655 662 798 721 lateribus
827 663 944 738 aequali
972 663 1152 722 latitudines

119 752 313 828 planitiarum
340 751 579 827 perquadratum.
625 753 651 810 is
680 770 746 810 cum
774 753 818 810 111
845 753 955 826 iactus,
983 772 1075 828 quam
1102 753 1131 810 in

119 843 235 916 partem
257 840 391 898 incubuit
414 840 484 897 dum
507 842 552 898 est
579 841 709 899 intactus
737 842 882 899 inmotam
904 840 995 898 habet
1019 840 1130 899 stabili·

118 931 226 1003 tatem,
253 931 298 987 uti
326 931 396 988 sunt
422 930 514 987 etiam
540 931 670 987 tesserae
699 949 771 1004 quas
799 930 831 986 in
855 929 969 988 alveolo
996 929 1130 988 ludentes

118 1019 239 1076 iaciunt.
276 1019 351 1075 hano
375 1020 475 1076 autem
498 1017 723 1076 similitudinem
746 1037 781 1076 11
800 1037 833 1076 10
853 1019 1013 1093 sumpsisse
1032 1019 1130 1077 viden·

118 1111 169 1166 tur
192 1107 271 1182 quod
297 1109 323 1166 is
346 1097 494 1188 numelrus
516 1125 655 1165 versuum
679 1107 725 1164 uti
748 1106 839 1182 cybus
862 1108 894 1164 in
917 1126 1130 1183 quemcumque
1142 1127 1162 1165 1o

119 1215 237 1255 sensum
250 1196 400 1270 insederit,
416 1197 561 1254 inmotam
575 1195 685 1253 efficiat
698 1195 740 1252 ibi
754 1196 913 1254 memoriae
927 1196 1130 1256 stabilitatem

119 1287 217 1362 graeci
245 1304 362 1360 quoque
387 1288 493 1359 poetae
516 1284 619 1342 comici
643 1284 864 1359 interponentes
888 1304 904 1342 e
927 1285 1017 1343 choro
1041 1286 1131 1343 canti·

119 1393 186 1432 cum
204 1375 368 1432 diviserunt
386 1373 484 1448 spatia
502 1373 678 1430 fabularum.
715 1374 758 1430 ita
777 1376 876 1448 partes
895 1373 999 1448 cybica
1017 1375 1131 1433 ratione

56 1471 59 1478 '
118 1463 261 1521 1111111111
283 1461 554 1536 intercapedinibus
581 1462 682 1520 levant
706 1465 839 1519 actorum
864 1463 1130 1537 pronuntiationes.

84 1565 100 1613 5
189 1544 283 1631 lOum
311 1570 380 1627 ergo
407 1551 480 1608 haec
502 1551 633 1608 naturali
659 1551 746 1609 modo
770 1551 830 1609 sint
854 1571 871 1608 a
893 1551 1058 1611 maioribus
1082 1552 1129 1610 ob·
1142 1569 1161 1609 11

119 1643 237 1699 servata
266 1640 423 1713 animoque
446 1639 600 1697 advertam
626 1641 785 1698 inusitatas
814 1643 844 1698 et
867 1639 1007 1699 obscuras
1030 1641 1132 1700 multis

119 1748 165 1787 res
189 1747 252 1787 osse
274 1728 348 1785 mihi
371 1728 547 1803 scribendas,
571 1747 629 1803 quo
648 1729 765 1786 11111111
785 1728 823 1786 ad
844 1747 945 1788 sensus
969 1729 1132 1806 legentium

119 1817 272 1893 pervenire
299 1817 428 1892 possint,
455 1816 593 1875 brevibus
617 1817 816 1876 voluminibus
844 1817 974 1876 iudicavi
997 1819 1132 1877 scribere.

118 1909 163 1964 111
181 1906 260 1964 enim
279 1905 415 1981 expedita
434 1908 520 1963 erunt
543 1906 581 1964 ad
598 1906 839 1982 intellegendum.
876 1925 1038 1981 eorumque
1057 1907 1132 1966 ordi·

119 1986 263 2077 naltiones
284 1995 403 2052 institui
420 1994 467 2052 uti
485 2014 544 2052 non
563 1995 623 2053 sint
642 1995 850 2069 quaerentibus
870 1996 1032 2077 separatim
1051 1996 1132 2055 colli·
1144 2014 1164 2054 1

120 2084 224 2161 gendo,
248 2083 299 2142 sed
322 2103 338 2141 e
361 2101 482 2158 corpore
506 2102 564 2141 uno
584 2087 614 2141 et
632 2084 663 2140 in
682 2084 807 2159 singulis
826 2084 1027 2143 voluminibus
1047 2104 1132 2162 gene-

119 2193 185 2231 rum
198 2172 341 2231 haberent
354 2172 574 2248 explicationes
605 2174 717 2247 itaque,
733 2171 848 2247 Caesar,
866 2173 956 2231 tertio
976 2176 1007 2231 et
1026 2177 1132 2249 quarto

119 2262 269 2321 uolumine
284 2261 401 2320 aedium
415 2279 565 2319 sacrarum
578 2262 708 2320 rationes
724 2261 853 2336 exposui,
871 2262 927 2320 hoc
945 2261 1023 2321 libro
1037 2263 1133 2338 publi·

120 2371 220 2409 corum
242 2351 374 2411 locorum
397 2350 552 2425 expediam
575 2350 792 2425 dispositiones.
828 2350 1017 2425 primumque
1035 2352 1133 2410 forum

118 2440 166 2497 uti
192 2431 339 2520 operiteat
364 2440 505 2498 constitui
533 2439 642 2512 dicam,
671 2439 750 2513 quod
776 2440 808 2495 in
836 2457 870 2496 eo
894 2441 924 2496 11
946 2440 1164 2514 publicamus

120 2532 150 2586 et
172 2529 357 2604 privatarum
374 2547 473 2586 rerum
490 2528 620 2585 rationes
639 2547 692 2602 per
709 2527 902 2604 magistratus
921 2528 1133 2605 gubernantur.

89 2624 101 2676 Ι
188 2615 293 2675 Graeci
310 2617 342 2673 in
362 2616 506 2691 quadrato
526 2616 716 2691 amplissimis
735 2618 765 2673 11
783 2616 949 2691 duplicibus
968 2617 1132 2692 porticibus

119 2707 185 2764 1111
208 2705 393 2764 constituunt
416 2705 583 2780 crebrisque
607 2705 750 2763 columnis
774 2708 804 2763 et
831 2705 956 2780 lapideis
980 2709 1035 2764 aut
1056 2727 1132 2766 mar·

120 2785 236 2876 moireis
260 2794 406 2875 epistyliis
431 2794 576 2852 edomant
600 2796 630 2851 et
652 2813 741 2869 supra
770 2793 1183 2856 111111111111111111-111

120 2883 335 2960 tignationibus
358 2883 480 2941 faciunt.
517 2882 711 2940 11111111110
735 2882 855 2941 urbibus
878 2901 938 2940 non
961 2883 1066 2942 eadem
1089 2887 1166 2944 osteo

63 2973 74 3001 ⁸
119 2972 235 3031 ratione
249 2972 425 3046 faciendum,
443 2972 510 3029 ideo
526 2971 604 3047 quod
619 2991 636 3029 a
649 2970 809 3030 maioribus
825 2972 1005 3030 consuetudo
1020 2973 1133 3032 tradita

193 3148 207 3194 1
228 3140 314 3195 etiam
328 3139 377 3209 qui
390 3139 564 3209 pythagorae
577 3159 604 3195 x.
621 3141 625 3211 Ι
642 3140 745 3208 quique
762 3141 799 3196 G:
819 3139 942 3208 quinque
957 3140 992 3193 H
994 3142 1062 3211 (6⁶),
1081 3159 1132 3197 om.

121 3229 143 3284 S
163 3232 221 3299 (qui
247 3231 358 3299 scripsit
378 3213 519 3298 pytagora
541 3228 669 3298 eiusque,
697 3231 743 3283 sed
765 3236 828 3283 acte
855 3246 923 3283 corr.
946 3231 1106 3299 pytagore).
1123 3229 1133 3302 ΙΙ

121 3307 137 3353 3
159 3307 208 3355 cc.
228 3301 250 3354 11
270 3318 301 3354 ,1.
320 3317 347 3354 c.
367 3302 376 3369 ΙΙ
395 3306 410 3353 5
430 3315 528 3368 corpus
548 3316 582 3353 ex
600 3300 618 3354 l.
638 3303 697 3370 (sie)
716 3319 743 3354 x.
758 3303 766 3369 ΙΙ
782 3307 796 3353 6
815 3301 894 3371 per(p
911 3300 1133 3368 GS)quadratns

123 3373 182 3440 (sic)
200 3390 220 3424 x
243 3372 343 3441 (figura
366 3387 400 3425 ex
424 3370 499 3423 omni
522 3370 610 3424 latere
634 3371 774 3439 quadrata
797 3372 885 3425 Varro
903 3388 949 3439 up.
966 3372 1036 3426 Gall.
1053 3377 1078 3440 1,
1087 3376 1132 3427 20.

123 3444 157 3507 cf.
172 3443 213 3496 M.
226 3443 317 3497 Tbiel:
335 3442 361 3496 J.
376 3443 396 3508 f.
413 3443 487 3496 Phil.
502 3445 565 3509 155,
575 3445 648 3510 367).
663 3444 702 3511 {18
717 3442 797 3495 alveo
814 3442 847 3495 H
852 3442 877 3497 G
891 3441 965 3509 (alea
979 3442 1007 3507 S,
1022 3442 1132 3498 alveolo

128 3513 216 3567 Varro
235 3515 252 3566 1.
268 3516 309 3581 c).
327 3514 336 3582 ΙΙ
356 3519 389 3566 12
409 3513 508 3566 eohoro
524 3512 654 3583 Hsfflo:
674 3515 704 3566 et
721 3512 789 3565 horo
805 3515 839 3568 G.
858 3514 867 3581 ΙΙ
885 3518 919 3565 14
939 3515 1088 3568 auctorum
1104 3531 1132 3569 c.
