2416 3922
316 164 365 219 nn
384 163 665 223 nacurrrcruan
684 164 749 220 nra.
769 165 804 234 n,
823 169 883 221 ae
1063 165 1106 230 53

95 319 243 393 quantum
265 315 344 375 enim
367 316 518 376 celeritate
542 319 572 375 et
594 317 651 375 loci
674 317 843 376 laxamento
865 319 999 392 prosunt,
1021 319 1107 375 tanto

94 406 203 465 maiori
225 407 257 464 et
279 406 427 464 communi
450 407 520 464 sunt
542 405 717 479 calamitati,
740 406 820 481 quod
843 405 880 464 ad
903 404 1040 463 incendia
1062 407 1108 464 uti

93 497 175 554 faces
194 496 264 554 sunt
280 495 388 570 parati.
424 495 527 569 itaque
546 495 640 553 satius
659 513 722 553 esse
740 495 858 553 videtur
874 493 1000 569 inpensa
1017 496 1108 553 testa·

93 602 214 644 ceomm
240 583 272 641 in
299 585 420 658 sumptu
448 601 538 658 quam
565 583 738 658 compendio
766 583 955 642 craticiorum
982 601 1045 642 esse
1076 584 1108 641 in

47 673 237 750 1⁵)6periculo.
270 663 429 753 etiamlque
442 672 474 729 in
488 672 620 730 tectoriis
635 671 772 748 operibus
786 673 876 730 rimas
894 673 975 730 intus
993 672 1108 731 faciunt

92 761 322 821 arrectariorum
345 764 375 820 et
397 761 679 819 transversariorum
701 760 902 836 dispositione.
940 779 1006 818 cum
1029 763 1108 819 enim

91 852 237 925 linuntur,
255 850 430 926 recipientes
449 868 581 908 umorem
599 852 781 926 turgescunt,
799 849 905 908 deinde
924 850 1107 914 siccescendo

92 939 310 999 contrahuntur
332 941 363 997 et
384 937 428 997 ita
452 939 603 997 extenuati
622 938 811 1014 disrumpunt
828 938 1020 997 tectoriorum
1039 939 1107 997 soli·

92 1029 229 1088 ditatem.
275 1027 325 1087 sed
350 1026 490 1102 quoniam
512 1027 670 1086 nonnullos
694 1028 831 1086 celeritas
854 1030 907 1085 aut
928 1027 1031 1103 inopia
1054 1030 1107 1085 aut

47 1121 79 1178 54
91 1118 125 1176 in
138 1116 282 1194 pendenti
295 1117 360 1176 loco
375 1107 379 1197 Ι
393 1116 554 1191 dissaeptio
570 1116 658 1192 cogit,
673 1115 714 1175 sic
729 1115 786 1174 erit
798 1115 979 1174 faciundum.
1011 1117 1108 1175 solum

54 1225 78 1263 11
93 1206 284 1266 substruatur
311 1205 386 1280 alte,
412 1207 447 1263 ut
474 1204 534 1264 sint
557 1203 665 1263 intacti
687 1204 725 1262 ab
748 1204 852 1263 rudere
876 1207 906 1262 et
927 1204 1107 1279 pauimento.

93 1295 193 1354 obruti
226 1294 305 1352 enim
336 1293 368 1351 in
398 1293 444 1353 his
477 1311 544 1351 cum
576 1297 658 1368 sunt,
689 1296 839 1352 vetustate
869 1293 995 1351 marcidi
1023 1293 1108 1367 fiunt,

93 1384 201 1443 deinde
215 1382 398 1442 subsidentia
410 1382 616 1458 proclinantur
630 1385 660 1441 et
674 1382 862 1458 disrumpunt
876 1381 1003 1458 speciem
1016 1384 1108 1440 tecto·

93 1491 217 1532 norum.

47 1571 91 1620 01⁵
164 1553 169 1643 Ι
193 1561 239 1619 De
274 1559 439 1637 parietibus
477 1563 507 1618 et
543 1560 738 1635 apparatione
770 1559 934 1636 generatim
965 1560 1108 1618 materiae

93 1669 206 1725 eorum,
225 1648 331 1725 quibus
350 1649 410 1709 sint
422 1647 583 1707 virtutibus
603 1651 633 1708 et
646 1649 737 1723 vitiis,
757 1649 1004 1724 quemadmodum
1021 1649 1106 1724 potui

93 1739 227 1815 exposui,
245 1738 281 1796 de
300 1737 571 1816 contignationibus
591 1741 691 1797 autem
710 1740 741 1796 et
758 1738 851 1814 copiis
870 1756 980 1812 earum,
1000 1737 1106 1813 quibus

94 1829 305 1903 comparentur
323 1829 357 1885 ut
375 1827 414 1884 ad
428 1828 608 1885 vetustatem
624 1845 684 1885 non
698 1827 758 1886 sint
775 1826 919 1902 infirmae,
936 1827 982 1885 uti
1000 1829 1108 1885 natura

93 1936 195 1976 rerum
217 1918 365 1976 monstrat
387 1914 549 1991 explicabo.

47 2016 94 2068 cao
166 1995 323 2086 {Materies
342 2003 490 2063 caedenda
509 2005 554 2062 est
572 2022 590 2061 a
609 2004 704 2078 primo
724 2008 866 2063 autumno
885 2004 923 2063 ad
942 2003 973 2062 id
991 2006 1107 2079 tempus
1121 2014 1159 2069 IX

94 2093 178 2171 quod
205 2093 262 2152 erit
289 2095 450 2168 antequam
476 2092 548 2151 flare
579 2092 706 2168 incipiat
736 2093 882 2151 favonius.
932 2112 1000 2151 vere
1031 2094 1109 2150 enim

94 2201 198 2242 omnes
217 2181 336 2241 arbores
353 2181 431 2240 fiunt
448 2184 646 2258 praegnantes
665 2183 695 2239 et
709 2200 809 2240 omnes
829 2199 899 2241 suae
917 2181 1109 2256 proprietatis

94 2271 240 2331 virtutem
257 2271 382 2330 efferunt
399 2271 430 2328 in
448 2270 583 2329 frondem
598 2271 873 2344 anniversariosque
888 2271 1011 2328 fructus.
1044 2289 1110 2328 cum

47 2370 84 2422 1⁵)
96 2378 169 2438 ergo
183 2361 286 2418 inanes
301 2362 330 2418 et
343 2358 475 2417 tumidae
489 2361 657 2434 temporum
669 2359 845 2418 necessitate
860 2376 961 2416 eorum
973 2349 976 2439 Ι
988 2358 1108 2432 fuerint,

53 2468 81 2508 25
95 2467 194 2509 vanae
224 2449 301 2507 fiunt
327 2452 357 2507 et
388 2447 562 2507 raritatibus
590 2447 759 2522 inbecillae,
791 2448 836 2506 uti
864 2447 955 2505 etiam
985 2465 1108 2522 corpora

95 2536 255 2596 muliebria
274 2555 340 2595 cum
359 2536 555 2612 conceperint,
574 2537 612 2594 ad
630 2537 708 2595 fetus
726 2539 847 2612 partum
865 2554 924 2593 non
942 2535 1112 2594 iudicantur

96 2628 224 2702 integra,
246 2645 342 2701 neque
362 2626 394 2683 in
412 2625 566 2684 venalibus
585 2644 620 2683 ea
640 2644 706 2683 cum
725 2628 794 2684 sunt
811 2625 1009 2702 praegnantis
1026 2643 1110 2701 prae-

97 2718 218 2774 stantur
240 2733 322 2791 sana,
345 2714 411 2772 ideo
436 2714 515 2788 quod
537 2713 569 2771 in
592 2732 713 2789 corpore
731 2714 960 2790 praeseminatio
980 2732 1110 2774 crescens

173 2960 187 3006 1
205 2951 314 3022 prosint
328 2953 355 3009 S.
376 2955 385 3023 ΙΙ
405 2959 423 3006 4
442 2952 557 3023 gratic(t
571 2952 696 3022 S)iorum
710 2954 744 3007 H
746 2954 772 3009 S.
794 2955 804 3022 ΙΙ
826 2961 841 3006 t
861 2953 1001 3022 etiamque
1017 2954 1108 3009 Sohar:

97 3024 187 3080 etiam
205 3024 254 3092 qui
272 3043 299 3080 rc.
346 3025 434 3079 intus:
454 3023 528 3078 inhis
546 3041 567 3078 a
585 3026 630 3093 (cf.
641 3042 670 3093 p.
687 3029 732 3092 55,
741 3029 778 3095 8),
802 3027 812 3094 ΙΙ
835 3030 850 3077 7
871 3024 1040 3079 sicciscendo
1058 3042 1085 3079 a.

98 3102 134 3150 10
154 3094 289 3166 disseptio
341 3096 371 3150 S:
395 3094 521 3164 deseptio
537 3096 570 3150 G.
588 3096 592 3165 Ι
608 3095 771 3148 faciundum
786 3097 828 3149 H:
852 3095 1013 3149 faciendum
1028 3096 1085 3150 GS.

99 3173 132 3221 11
149 3166 219 3222 alte:
240 3165 313 3220 aliae
332 3165 400 3240 (alie
416 3166 480 3235 GS)
494 3183 514 3220 x
528 3167 589 3234 (del.
605 3166 653 3236 8⁶).
671 3169 675 3234 Ι
691 3165 729 3219 sit
742 3166 881 3220 intactum
895 3184 921 3222 r.
936 3169 946 3234 ΙΙ
961 3172 993 3219 12
1009 3165 1110 3220 obruta

97 3257 127 3293 a.
144 3242 148 3305 Ι
164 3237 291 3292 marcida
303 3256 330 3293 c.
345 3240 354 3307 ΙΙ
369 3243 402 3290 13
418 3235 605 3290 subsidentia:
624 3239 664 3291 sic
678 3239 753 3306 (abl.)
766 3255 787 3291 a
801 3239 845 3307 (cf.
860 3242 923 3295 200,
934 3241 970 3304 8).
985 3239 995 3306 ΙΙ
1010 3242 1042 3290 15
1062 3253 1110 3306 ap-

97 3308 240 3379 paritione
255 3327 281 3362 c.
300 3311 310 3378 ΙΙ
330 3314 362 3361 18
382 3313 480 3376 con(co
494 3308 663 3376 S)parentur
676 3309 710 3362 H
713 3308 744 3364 S:
764 3312 933 3378 ceparantur
947 3309 981 3363 G.
999 3311 1002 3378 Ι
1018 3310 1062 3363 ut:
1082 3310 1112 3361 et

98 3381 144 3450 (dr)
161 3397 189 3434 a.
218 3383 222 3449 Ι
248 3379 305 3434 sint
317 3379 385 3434 HS:
406 3381 471 3432 sunt
487 3380 520 3434 G.
548 3381 557 3448 ΙΙ
585 3384 619 3431 24
636 3378 775 3434 tumidae:
794 3378 907 3433 umidae
926 3381 963 3452 (e
979 3379 1024 3449 H)
1043 3380 1071 3432 H
1076 3380 1111 3448 G,

98 3451 216 3576 humritdp
231 3451 305 3505 H⁶S.
327 3453 330 3520 Ι
351 3451 534 3505 necessitates
553 3468 581 3505 c.
609 3452 618 3519 ΙΙ
645 3455 679 3503 26
698 3451 735 3504 ad
754 3450 826 3523 fae(e
844 3450 903 3518 GS,
920 3466 953 3504 oe
968 3450 1110 3517 H⁶G⁶>tus

99 3539 157 3593 apa
184 3539 203 3575 u
221 3539 248 3576 c.
