2416 3922
118 204 181 271 134
530 185 695 241 VlTRUVII

115 357 216 433 gentes
241 340 407 404 inmanibus
434 335 619 414 corporibus,
652 335 785 395 candidis
812 335 972 413 coloribus,
1005 339 1116 398 directo

113 437 220 516 eupillo
243 436 274 492 et
295 431 369 503 rufo,
396 427 488 485 oculis
512 425 625 500 caesiis
649 416 801 506 sanlguine
823 426 917 484 multo
941 427 979 485 ab
1007 429 1117 489 umoris
1125 438 1150 489 (1⁰

76 525 253 607 {plenitate
282 517 412 591 caelique
440 514 715 591 refrigerationibus
741 517 812 572 sunt
834 516 1022 575 conformati.
1068 517 1116 593 qui

110 618 210 676 autam
232 610 301 669 sunt
321 603 448 681 proximi
466 603 505 661 ad
524 621 609 660 axem
629 602 826 661 meridianum
844 603 1030 680 subiectique
1048 605 1116 666 solis

109 699 216 774 cursui,
237 691 420 755 brevioribus
444 691 624 766 corporibus,
647 691 744 750 colore
767 691 859 766 fusco,
883 693 980 769 crispo
1000 694 1138 770 capillo,o

109 788 201 852 oeulis
223 783 325 861 nigris,
349 779 481 838 eruribus
504 779 657 854 squalidis,
680 780 825 857 sanguine
848 781 954 858 exiguo
973 782 1045 841 solis
1065 784 1117 841 im·

108 880 179 957 potu
201 871 401 951 perficiuntur.
436 869 539 944 itaque
563 869 654 926 etiam
676 871 798 944 propter
821 860 982 950 sanlguinis
1007 871 1150 949 exigui-(u

107 970 200 1027 tatem
221 957 384 1020 timidiores
409 960 478 1017 suut
494 958 573 1016 ferro
591 958 737 1032 resistere,
760 957 811 1016 sed
829 957 949 1018 ardores
968 977 1005 1018 ac
1023 959 1116 1020 febres

107 1051 250 1115 suffemnt
280 1047 342 1106 sine
365 1046 484 1121 timore,
512 1045 592 1120 quod
620 1046 735 1104 nutrita
761 1049 831 1104 sunt
858 1064 960 1105 eorum
986 1048 1118 1108 membru

106 1159 173 1203 cum
195 1138 319 1196 fervore.
363 1136 466 1210 itaque
490 1152 614 1209 corpora
637 1154 712 1210 quae
739 1137 901 1194 nascuntur
923 1136 977 1195 sub
1002 1141 1149 1215 septen-ro

106 1229 202 1290 trione
225 1244 243 1283 a
265 1222 341 1281 febri
363 1226 433 1281 sunt
455 1223 607 1281 timidiora
626 1226 656 1281 et
673 1223 822 1299 inbecilla,
845 1225 999 1300 sanguinis
1019 1229 1117 1285 autem

106 1312 289 1379 abundantia
311 1313 389 1370 ferro
413 1313 556 1370 resistunt
578 1312 641 1371 sine
664 1312 779 1371 timore.

70 1424 87 1473 a
174 1394 262 1483 {Non
279 1400 376 1458 minus
396 1418 485 1459 sonus
503 1400 584 1459 vocis
603 1400 634 1458 in
657 1400 813 1477 generibus
832 1401 966 1478 gentium
984 1403 1116 1479 dispares
1123 1414 1150 1465 (²⁰

105 1496 136 1553 et
157 1489 256 1551 varias
283 1486 375 1547 habet
398 1489 572 1564 qualitates,
599 1488 666 1547 ideo
689 1489 769 1565 quod
795 1491 966 1550 terminatio
996 1493 1116 1552 orientis

105 1584 134 1641 et
157 1576 316 1638 occidentis
341 1577 418 1635 eirca
440 1580 537 1636 terrae
562 1576 764 1652 librationem,
793 1597 853 1654 qua
876 1579 1025 1639 dividitur·
1048 1600 1147 1657 parsu

104 1667 237 1744 superior
251 1668 282 1724 et
299 1666 422 1724 inferior
439 1665 551 1741 mundi,
568 1665 677 1724 habere
691 1666 808 1724 videtur
826 1666 968 1727 libratam
985 1670 1117 1729 naturali

104 1755 189 1816 modo
217 1755 463 1830 circumitionem,
498 1774 586 1830 quem
613 1755 704 1813 etiam
736 1756 940 1817 mathematici
967 1759 1116 1831 οριζοντα

103 1845 213 1904 dicunt.
234 1839 237 1921 l
258 1843 351 1920 igitur
370 1863 437 1902 cum
458 1843 490 1901 id
512 1843 654 1903 habemus
674 1846 786 1902 certum
810 1845 1150 1923 monstranteque

103 1933 140 1993 ab
163 1929 248 1990 labro
272 1931 351 2007 quod
375 1931 473 1990 estin
496 1932 616 2009 regione
635 1933 869 2008 septentrionali,
891 1934 972 1992 linea
990 1937 1116 1995 traiecta

102 2021 193 2081 adid
218 2020 297 2095 quod
321 2023 366 2078 est
393 2038 482 2096 supra
509 2021 706 2079 meridianum
733 2040 817 2080 axem
841 2021 877 2080 ab
902 2041 996 2098 eoque
1022 2026 1147 2084 alterato

102 2109 222 2183 obliqua
245 2109 277 2167 in
300 2109 490 2167 altitudinem
513 2109 551 2167 ad
574 2128 721 2168 summum
739 2110 890 2169 cardinem
908 2111 961 2187 qui
979 2115 1027 2172 est
1048 2116 1116 2190 post

102 2198 203 2258 stellas
227 2189 479 2280 septentrionum,
502 2199 564 2256 sine
588 2197 773 2257 dubitatione
792 2199 1063 2262 animadvertemus
1082 2208 1150 2265 exli

102 2305 135 2345 eo
160 2305 222 2345 esse
241 2287 359 2346 schema
382 2287 494 2364 trigoni
512 2286 632 2362 mundo,
654 2289 700 2345 uti
719 2288 823 2364 organi
842 2307 932 2363 quam
956 2291 1114 2366 εαμβυκην

66 2375 199 2452 ograeoi
227 2375 337 2433 dicunt.
383 2377 484 2451 itaque
513 2375 592 2450 quod
625 2378 670 2433 est
701 2377 832 2451 spatium
858 2378 1030 2453 proximum
1056 2380 1114 2439 imo

102 2464 213 2521 cardini
244 2463 280 2522 ab
309 2465 372 2523 axis
400 2465 480 2522 linea
507 2465 539 2522 in
561 2464 732 2523 meridianis
755 2464 877 2539 finibuS,
905 2465 959 2524 sub
988 2486 1024 2526 eo
1051 2469 1146 2528 locere

101 2570 178 2627 quae
193 2554 263 2610 suut
276 2553 411 2610 nationes
430 2555 553 2628 propter
573 2547 576 2630 l
596 2552 774 2612 brevitatem
792 2554 961 2614 altitudinis
976 2556 1017 2614 ad
1032 2566 1145 2618 mun-bl

100 2640 172 2698 dum
195 2640 324 2699 sonitum
342 2641 423 2700 vocis
446 2641 562 2699 faciunt
584 2644 703 2699 tenuem
726 2644 756 2700 et
779 2642 992 2719 acutissimum,
1016 2646 1063 2704 uti
1084 2645 1114 2703 in

102 2746 213 2805 organo
237 2728 346 2787 chorda
370 2749 446 2805 quae
470 2733 514 2789 est
537 2729 671 2805 proxima
696 2731 813 2807 angulo.
859 2733 1024 2792 secundum
1050 2752 1114 2793 eam

98 2847 213 2856 ...-——.

172 2903 185 2950 1
203 2896 259 2965 de(i
273 2899 391 2967 E)recto
406 2899 441 2953 Η
443 2899 473 2952 Ε
478 2899 516 2954 G:
532 2898 647 2953 dimisso
663 2899 684 2955 S
696 2901 752 2970 (aed
765 2902 798 2953 ia
810 2918 843 2954 m.
859 2899 905 2954 vel
919 2901 1034 2956 derecto
1048 2900 1113 2973 bill}

100 2974 115 3021 2
135 2970 212 3040 cac(q
228 2968 332 3039 GS)sis
351 2987 372 3024 x
389 2969 490 3038 (caecis
505 2971 556 3040 E).
585 2972 594 3039 ΙΙ
622 2974 638 3023 6
657 2969 794 3038 squalidis
813 2972 858 3040 (ee.
877 2973 977 3040 macie,
999 2980 1033 3028 ut
1050 2976 1113 3030 aar

98 3057 123 3094 o.
139 3043 194 3094 506
208 3041 243 3107 cf.
258 3042 398 3107 αὐχμηρός
415 3040 490 3096 CGL
502 3053 534 3100 ΙΙ,
548 3044 610 3095 187.
620 3044 700 3110 252):
715 3040 819 3095 validis
828 3059 849 3097 a
863 3041 1008 3112 (invalidis
1018 3044 1095 3115 doe).
1104 3043 1114 3117 ll

100 3116 114 3163 'l
140 3110 265 3164 sinantur
283 3111 305 3165 S
326 3111 382 3181 (ced
404 3112 435 3165 ia
458 3129 492 3166 m.
511 3110 558 3166 vel
580 3111 761 3180 perficiuntur
779 3113 828 3182 bi).
855 3116 865 3182 l
892 3113 1079 3170 esubferunt
1094 3132 1113 3170 a

100 3181 246 3250 (sufferunt
259 3181 332 3249 SG0,
349 3189 381 3236 at
398 3200 418 3236 a
432 3200 462 3250 p.
478 3186 522 3250 45,
534 3185 568 3251 5).
592 3188 601 3251 ll
625 3188 658 3236 12
677 3184 786 3237 tumore
803 3185 840 3238 H.
864 3185 873 3254 ss
898 3189 930 3237 16
950 3187 981 3239 et
999 3184 1112 3241 inferior

99 3270 148 3306 om.
163 3252 190 3308 S.
209 3254 219 3322 ΙΙ
239 3258 271 3305 17
291 3251 483 3308 circuitionem
498 3254 525 3309 Β.
542 3253 546 3326 Ι
563 3270 659 3321 quem:
678 3271 763 3322 quam
781 3272 808 3308 oc.
825 3257 830 3324 l
846 3254 975 3310 orizonta
994 3257 1110 3326 (nizonis

98 3324 141 3392 E)
158 3325 257 3393 21119
277 3323 315 3377 ab
327 3323 435 3378 HEG:
455 3324 513 3380 aS.
533 3327 542 3394 ΙΙ
562 3329 595 3378 20
615 3323 735 3378 alteram
752 3324 898 3394 obliquam
916 3328 945 3396 (a
961 3328 1003 3382 bis
1018 3328 1110 3397 SEG)

97 3412 124 3448 a.
139 3397 149 3463 ll
163 3400 196 3448 22
214 3395 273 3448 sine
288 3393 478 3450 dubitatione:
497 3394 694 3464 proculdubio
710 3396 737 3451 S.
751 3399 761 3466 ΙΙ
775 3400 809 3449 23
824 3412 935 3450 scaema
951 3397 994 3451 Ησ
1008 3402 1110 3469 (scema

98 3465 210 3587 ffidsl:
220 3481 328 3606 (εοᾳθῗῗ
342 3473 405 3522 aare
418 3483 485 3523 corr.
500 3468 537 3521 H.
555 3471 559 3533 Ι
575 3465 692 3535 trigonii
705 3484 732 3521 x.
749 3471 754 3536 1
771 3467 922 3522 sambucen
935 3485 963 3524 x.
979 3471 989 3540 ll
1003 3476 1040 3525 2⁶
1054 3486 1108 3524 oar·

117 3552 163 3589 me
181 3553 201 3590 a
231 3554 271 3590 -n1
323 3579 329 3592 .
