2416 3922
129 193 193 256 180
551 189 715 243 VITRUVII

127 338 266 420 <rerum>
282 333 285 422 1
302 343 426 398 naturae
443 339 696 398 considerantibus
715 339 934 415 admirationes,
953 340 1035 416 quod
1048 339 1137 399 habet
1144 347 1186 420 182

127 451 187 490 non
205 433 237 489 in
255 429 390 490 omnibus
408 429 481 487 locis
501 429 607 503 quibus
620 429 752 488 nascitur
765 429 854 488 unius
868 429 984 506 generis
999 430 1134 504 colorem,

93 537 108 584 2
128 521 178 580 sed
198 519 267 577 solis
287 537 374 577 cursu
391 517 569 576 naturaliter
585 520 776 593 temperatur.
811 518 915 594 itaque
930 518 1010 593 quod
1027 518 1136 595 legitur

126 610 223 668 Ponto
252 610 282 665 et
310 606 422 681 Gallia,
455 606 533 681 quod
564 606 620 664 hae
651 608 786 684 regiones
818 610 888 666 sunt
916 606 1070 684 proximae
1099 607 1134 665 ad

128 697 366 773 septentrionem,
388 690 391 773 1
413 698 458 754 est
485 698 590 753 atrum.
636 695 892 772 progredientibus
919 697 999 754 inter
1022 699 1156 771 septen-5

127 787 254 844 trionem
287 787 317 843 et
336 784 529 842 'occidentem
560 784 710 843 invenitur
741 784 874 843 lividum.
925 785 1005 860 quod
1038 788 1150 866 autern⁴

127 875 237 952 legitur
255 874 293 931 ad
312 872 559 948 aequinoctialem
573 873 716 931 orientem
731 878 760 932 et
779 873 968 949 occidentem,
987 873 1135 933 invenitur

127 964 259 1022 violaceo
281 963 386 1020 colore.
423 962 502 1037 quod
520 979 589 1020 vero
607 963 778 1020 meridianis
795 962 965 1039 regionibus
985 962 1135 1039 excipitur,

128 1052 217 1111 rubra
235 1053 407 1126 procreetur
424 1053 582 1126 potestate,
601 1053 631 1108 et
648 1051 715 1109 ideo
734 1052 789 1109 hoc
806 1051 911 1110 Rhodo
931 1051 1022 1110 etiam
1041 1052 1135 1110 insula

129 1144 246 1202 creatur
277 1140 441 1214 ceterisque
466 1134 469 1215 1
496 1139 639 1197 eiusmodi
670 1140 840 1217 regionibus
878 1158 953 1215 quae
985 1141 1134 1216 proximae
1146 1159 1166 1198 ro

95 1218 199 1295 esurit
217 1229 287 1288 solis
306 1229 411 1287 cursui.
449 1247 484 1286 ea
503 1229 657 1303 conchylia
671 1247 738 1286 cum
756 1232 827 1287 sunt
844 1229 932 1304 lecta,
949 1229 1134 1287 ferramentis

130 1302 207 1381 cirta
244 1318 430 1391 scinduntur,
462 1336 477 1375 e
509 1316 615 1391 quibus
646 1318 744 1394 plagis
776 1336 926 1393 purpurea
959 1319 1056 1376 sanies
1093 1318 1135 1376 uti

128 1402 252 1467 laclime
274 1407 420 1482 profluens
445 1424 565 1464 excussa
582 1405 614 1463 in
631 1406 781 1465 mortariis
799 1406 920 1464 terendo
940 1410 1135 1482 comparatur,

130 1499 160 1554 et
188 1495 267 1571 quod
295 1515 329 1553 ex
356 1495 533 1552 concharum
562 1495 744 1552 marinarum
775 1495 860 1554 testis
892 1496 1041 1571 eximitur,
1073 1496 1134 1553 ideo

130 1588 243 1643 ostrum
262 1586 307 1641 est
324 1583 496 1641 vocitatum.
532 1582 563 1640 id
587 1586 686 1641 autem
706 1578 710 1661 1
730 1588 852 1659 propter
874 1584 1057 1661 salsuginem
1080 1584 1134 1643 cito
1147 1601 1165 1641 re

129 1673 164 1730 fit
187 1673 381 1745 siticulosum,
403 1672 461 1729 nisi
483 1672 542 1728 mel
564 1671 674 1730 habeat
696 1673 773 1730 eirea
795 1673 901 1730 fusum.

67 1771 131 1825 xlv
198 1760 289 1818 Fiunt
308 1761 399 1818 etiam
416 1760 558 1834 purpurei
577 1761 688 1820 colores
705 1761 816 1819 infecta
830 1763 910 1821 creta
923 1761 1027 1819 rubiae
1042 1762 1135 1820 radice

131 1852 161 1908 et
182 1850 318 1924 hysgin0,
340 1868 400 1906 non
422 1849 519 1908 minus
543 1851 572 1907 et
596 1868 630 1907 ex
652 1849 772 1909 floribus
796 1850 849 1907 alii
872 1850 992 1909 colores.
1036 1853 1135 1926 itaque

130 1941 256 1997 tectores
289 1957 355 1995 eum
382 1938 487 1996 volunt
519 1939 555 1995 sil
582 1939 707 1996 atticum
733 1938 859 2014 imitari,
885 1939 998 1997 violam
1025 1940 1136 1998 aridam

132 2018 296 2107 coilcientes
324 2027 356 2083 in
383 2045 435 2085 vas
463 2045 529 2084 cum
557 2045 648 2101 aqua,
680 2027 931 2086 confervefaciunt
961 2028 1000 2085 ad
1031 2029 1166 2106 ignemn

132 2115 237 2173 deinde
260 2134 327 2174 cum
350 2118 394 2173 est
416 2117 614 2189 temperatum
636 2115 765 2174 coiciunt
790 2116 822 2173 in
847 2116 987 2190 linteum,
1015 2120 1046 2175 et
1072 2117 1136 2175 inde

131 2204 267 2263 manibus
299 2204 494 2279 exprimentes
525 2204 673 2279 recipiunt
702 2205 734 2262 in
765 2204 941 2262 mortarium
968 2224 1080 2280 aquam
1105 2225 1136 2263 ex

131 2294 218 2352 violis
242 2293 413 2365 coloratam,
436 2295 466 2350 et
489 2311 522 2350 eo
542 2295 652 2350 cretam
669 2293 858 2352 infundentes
878 2297 908 2351 et
926 2312 993 2352 eam
1012 2298 1135 2353 terentes

97 2382 265 2444 aeffieiunt
296 2381 359 2440 silis
391 2381 476 2438 attici
508 2381 643 2440 colorem.
693 2381 796 2439 eadem
826 2381 942 2439 ratione
974 2384 1136 2441 vaccinium

132 2472 330 2546 temperantes
343 2472 372 2528 et
385 2470 462 2527 lacte
476 2461 480 2550 1
494 2470 649 2528 miscentes
663 2489 825 2545 purpuram
838 2471 953 2528 faciunt
965 2472 1135 2548 elegantem.
1147 2485 1166 2527 se

132 2561 205 2617 item
233 2559 284 2633 qui
310 2577 370 2616 non
396 2560 520 2632 possunt
547 2559 729 2634 chrysocolla
755 2562 877 2634 propter
902 2560 1061 2619 caritatem
1087 2560 1136 2632 uti,

132 2646 223 2705 herba
242 2665 317 2722 quae
335 2647 449 2704 luteum
467 2647 637 2722 appellatur
654 2648 821 2706 caeruleum
839 2647 984 2724 inficiunt,
1008 2652 1037 2708 et
1055 2644 1136 2726 <ita>

132 2738 258 2794 utuntur
271 2735 450 2794 viridissimo
464 2736 568 2794 colore.
602 2737 674 2794 haec
689 2738 789 2794 autem
806 2737 948 2795 infectiva
962 2738 1135 2813 appellatur.

132 2826 205 2883 item
227 2827 348 2899 propter
370 2824 503 2900 inopiam
524 2824 630 2883 coloris
652 2816 752 2906 inldiei
770 2828 880 2883 cretam
898 2826 1072 2885 selinusiam
1090 2827 1185 2887 autre

206 2986 219 3027 1
230 2992 322 3029 rerum
330 2993 380 3030 om.
388 2993 414 3030 er.
422 2976 456 3048 114
465 2976 517 3046 hep
525 2976 552 3030 S.
560 2974 719 3048 ll8violacio
728 2975 792 3044 (tio
801 2976 838 3031 (ΞΘ
845 3003 879 3021 =
888 2976 919 3033 Sl
930 2994 957 3031 a.
968 2976 978 3048 11
989 2983 1021 3031 1‘1
1030 2976 1136 3032 rubiae:

133 3046 218 3099 rubra
236 3064 256 3101 a
274 3051 312 3114 (et
325 3047 415 3115 Fau).
443 3049 453 3115 11
480 3052 512 3099 18
532 3048 560 3100 et
577 3046 696 3116 hysgino
714 3048 811 3116 (Plio,
824 3048 886 3116 Is.):
905 3045 1069 3119 drexeygno
1086 3066 1112 3104 a.
1128 3047 1137 3120 11

135 3123 167 3170 19
186 3119 306 3171 tectores
321 3121 401 3187 (etp.
417 3121 533 3184 180,14.
546 3120 590 3187 191
605 3135 637 3172 rr:
655 3116 775 3185 pictores
792 3118 863 3174 Fac.
880 3118 883 3189 1
901 3117 1061 3173 silaotioum
1079 3126 1137 3175 autc

133 3188 242 3244 eorr.H
248 3190 292 3257 (=
298 3189 345 3255 Εΰ,
354 3195 385 3242 ut
395 3187 516 3241 eilactici
525 3190 556 3243 Ε
561 3191 646 3258 u23).
656 3190 665 3259 11
674 3194 708 3241 20
717 3205 767 3241 vas
778 3205 925 3257 numaque
932 3191 1008 3245 EG:
1018 3206 1069 3244 vas
1079 3207 1137 3244 oum

134 3265 190 3327 qua
200 3259 240 3326 H,
248 3276 298 3312 vas
313 3265 368 3326 qua
378 3258 404 3312 S.
417 3257 421 3330 1
433 3258 590 3313 eonfervere
604 3258 712 3313 faciunt
720 3278 747 3314 a.
756 3259 766 3330 11
776 3265 808 3312 21
824 3258 947 3314 coiciunt
960 3260 1081 3316 linteum
1089 3263 1135 3330 (d)

133 3349 161 3384 ee.
176 3335 185 3395 11
200 3334 232 3382 25
251 3330 354 3383 lactem
368 3329 452 3397 (HE,
465 3332 504 3384 -te
520 3331 584 3400 Gs)
597 3349 624 3384 a.
639 3333 695 3399 1127
710 3331 788 3384 lutosi
803 3331 838 3384 Η
839 3330 901 3399 SE,
920 3349 980 3384 -um
997 3333 1023 3389 G
1039 3331 1136 3402 (lutear

135 3400 206 3454 Fac.
222 3402 256 3467 ef.
265 3402 340 3455 Plio.
349 3403 394 3467 33,
401 3404 444 3454 87.
456 3405 500 3468 91,
513 3402 562 3455 ubi
577 3403 644 3472 lego:
663 3401 770 3454 luteum
788 3403 891 3470 putant
909 3418 926 3455 a
944 3402 1005 3456 luto
1024 3402 1136 3458 herbam

136 3469 241 3524 dictam
252 3514 257 3524 .
270 3515 275 3525 .
287 3474 312 3538 .).
329 3475 333 3535 Ι
349 3470 390 3523 ita
400 3487 449 3526 om.
459 3489 479 3525 er
488 3473 561 3541 (odd.
574 3473 749 3542 Oebmiebeu).
764 3475 773 3541 11
787 3478 821 3526 28
830 3472 1004 3527 viridissimo
1015 3477 1085 3544 (um
1094 3473 1126 3528 Η
1127 3476 1135 3538 1

136 3540 226 3594 colore
240 3544 307 3610 (em
317 3543 361 3610 H)
371 3558 398 3595 rr.
408 3541 418 3614 11
428 3547 460 3596 29
476 3542 610 3611 sinysiam
620 3543 660 3610 H,
674 3542 779 3611 synisia
789 3544 817 3611 S,
831 3543 959 3598 sinistam
973 3547 1014 3615 1-2
1026 3547 1062 3615 G)
1071 3545 1100 3599 Ε
1104 3545 1134 3599 G.
