2416 3922
145 173 208 236 188
369 223 370 226 ,
565 171 729 226 VITRUVH

144 322 308 380 lambentes
328 322 460 397 eripiunt
476 340 594 380 umores
614 324 644 379 et
661 321 706 380 ita
725 340 773 381 eos
787 323 973 397 profundunt
987 321 1027 381 ad
1041 325 1148 398 septen·

143 412 285 470 trionales
308 411 449 487 regiones.

110 506 126 553 6
212 490 319 580 ,Haec
343 502 442 558 autem
470 500 512 558 sic
538 499 603 557 fieri
629 499 799 558 testimonio
821 502 948 575 possunt
971 518 1036 559 esse
1058 500 1184 576 capiano

144 589 306 662 fluminum,
330 607 406 663 quae
429 588 497 646 orbe
520 591 667 645 terrarum
685 588 906 664 chorographiis
924 589 1009 663 picta
1027 590 1146 664 itemque

145 677 255 752 scripta
277 677 406 752 plurima
428 678 616 751 maximaque
634 677 826 735 inveniuntur
844 695 963 752 egressa
982 676 1021 735 ab
1040 680 1166 753 septen-s
1207 695 1208 755 t

143 767 246 824 trione.
283 767 469 841 primumque
492 766 524 823 in
546 765 633 822 lndia
656 763 773 841 Ganges
797 768 827 823 et
849 765 940 824 Indus
964 765 1003 824 ab
1026 765 1147 825 Caucaso

144 857 243 912 monte
276 855 426 929 oriuntur,
459 854 546 929 Syria
574 853 671 930 Tigris
699 856 729 911 et
755 854 937 929 Euphratae,
964 854 1057 914 Asiae
1085 854 1147 914 item

143 943 240 1001 Ponto
259 934 466 1024 Borylsthenes
485 942 621 1018 Hypanis
641 942 759 1018 Tanais,
783 941 899 1001 Colchis
917 943 1035 1020 Phasis,
1060 942 1182 1004 Gallialll

74 1039 77 1048 “
144 1031 314 1106 Rhodanus,
339 1030 451 1089 Celtica
473 1031 601 1106 Rhenus
625 1031 700 1088 citra
717 1031 810 1106 Alpes
829 1031 970 1091 Timavus
993 1035 1026 1090 et
1048 1031 1148 1104 Padus,

144 1120 235 1178 Italia
249 1119 372 1194 Tiberis,
385 1120 539 1178 Maurusia
552 1139 642 1194 quam
660 1120 754 1178 nostri
767 1119 986 1178 Mauretaniam
1003 1121 1148 1196 appellant
1156 1138 1174 1179 a

146 1229 180 1267 ex
196 1212 296 1268 monte
309 1208 432 1266 Atlante
446 1209 546 1284 Dyris,
565 1208 617 1283 qui
636 1211 719 1267 ortus
739 1227 773 1266 ex
792 1209 1019 1283 septentrionali
1037 1211 1147 1286 regione

145 1297 333 1374 progreditur
346 1317 399 1373 per
413 1297 594 1355 occidentem
612 1297 651 1354 ad
668 1297 766 1355 lacum
782 1297 975 1373 Eptagonum
993 1300 1025 1356 et
1042 1300 1147 1357 mutato

145 1387 263 1445 nornine
283 1378 399 1467 diciltur
412 1386 522 1463 Agger,
540 1385 645 1444 deinde
665 1405 700 1444 ex
717 1387 784 1444 lacu
800 1385 949 1461 Eptabolo
968 1386 1025 1445 sub
1042 1389 1146 1446 montes
1153 1394 1180 1447 (a

146 1475 275 1534 desertos
299 1466 500 1556 subiterfluens
522 1494 576 1549 per
597 1475 762 1533 meridiana
785 1475 851 1533 loca
874 1478 978 1533 manat
1005 1479 1035 1534 et
1059 1475 1188 1536 influitlll

145 1564 176 1621 in
206 1563 345 1639 paludem
373 1581 448 1638 quae
477 1563 645 1638 appellatur
796 1563 1001 1640 circumcingit
1028 1564 1172 1638 Meroenrs

146 1653 225 1728 quod
244 1654 288 1710 est
301 1651 482 1726 Aethiopum
499 1652 727 1710 meridianorum
745 1671 879 1728 regnum,
898 1651 935 1710 ab
953 1652 1061 1728 hisque
1073 1652 1146 1729 palu·

146 1740 230 1798 dibus
255 1759 285 1798 se
308 1739 508 1817 circumagens
530 1759 583 1814 per
603 1741 726 1798 flumina
743 1740 921 1798 Astasobam
944 1744 975 1799 et
992 1741 1146 1801 Astoboam

146 1832 176 1887 et
194 1829 255 1886 alia
272 1829 359 1903 plura
376 1830 511 1903 pervenit
531 1825 535 1906 Ι
555 1848 608 1904 per
625 1832 740 1888 montes
759 1829 797 1887 ad
816 1831 997 1888 cataractam
1012 1830 1051 1889 ab
1065 1837 1170 1906 eoquod)

146 1936 177 1976 se
199 1918 398 1992 praecipitans
420 1937 474 1992 per
497 1919 726 1992 septentrionem
747 1918 883 1993 pervenit
907 1918 986 1976 inter
1008 1919 1145 1995 Elephan·

145 2006 210 2065 tida
233 2009 263 2064 et
286 2005 402 2081 Syenen
425 2005 645 2081 Thebaicosque
668 2006 700 2063 in
722 2006 893 2082 Aegyptum
917 2023 1038 2083 campos
1061 2011 1090 2067 et
1109 2006 1171 2064 ibia

112 2095 233 2154 'lNilus
263 2095 438 2170 appellatur.
485 2114 519 2152 ex
541 2095 728 2153 Mauretania
756 2098 855 2153 autem
882 2098 973 2170 caput
997 2096 1063 2154 Nili
1088 2114 1144 2171 pro

146 2185 235 2242 fluere
268 2204 303 2242 ex
335 2202 369 2241 eo
401 2185 527 2241 maxime
560 2185 747 2259 cognoscitur
775 2183 853 2258 quod
880 2203 916 2241 ex
944 2186 1041 2244 altera
1071 2187 1144 2261 parte

219 2464 233 2510 1
252 2457 380 2512 labentes
399 2475 427 2512 a.
450 2461 460 2526 tl
483 2463 498 2511 5
518 2457 554 2510 ad
578 2458 795 2527 septentrionem
815 2459 863 2528 (e)
881 2475 908 2513 a.
932 2461 942 2529 ΙΙ
965 2465 982 2514 6
1002 2460 1040 2514 ab
1058 2459 1144 2531 (caue.)
1200 2516 1201 2519 ,

147 2564 181 2617 H
184 2564 254 2618 EG:
275 2580 293 2617 a
305 2564 332 2619 S.
347 2567 356 2632 ΙΙ
371 2570 385 2618 7
406 2563 483 2618 asiae
500 2567 541 2620 sic
559 2563 635 2633 (asiae
650 2566 687 2632 E,
706 2565 765 2637 asie
780 2564 808 2634 S,
827 2541 934 2633 as1²i=
950 2565 1029 2621 asiae
1044 2567 1089 2636 6⁶)
1101 2582 1125 2621 a.
1138 2562 1142 2635 Ι

146 2651 215 2705 aem
229 2651 325 2721 ace:
344 2652 420 2706 isam
434 2653 538 2709 nno.
553 2655 592 2724 ns
612 2652 725 2722 eoreays
740 2654 812 2709 nc:
834 2654 948 2709 concha
964 2655 1004 2722 n,
1023 2639 1144 2710 caeneus

147 2723 693 2793 S(rasoprac⁶t.e.ve1conehys).
720 2727 730 2794 ss
756 2730 771 2778 9
792 2725 870 2794 alpes
885 2725 949 2781 ES:
970 2724 1044 2795 alpis
1057 2725 1122 2782 He.

146 2793 268 2849 timauos
286 2813 313 2850 a.
342 2799 351 2864 ΙΙ
379 2800 413 2848 10
431 2795 574 2848 maurusia
593 2795 661 2850 Hs:
684 2795 842 2850 maurussia
861 2797 903 2864 E,
925 2796 1065 2862 marussia
1084 2797 1122 2852 0⁶.

146 2865 351 2921 mauretaniam
362 2867 394 2919 Η
397 2867 427 2920 Ε
432 2865 469 2920 G:
484 2864 683 2918 mauritaniam
693 2866 719 2921 S.
734 2869 744 2936 ΙΙ
759 2871 789 2919 11
806 2867 914 2922 atlante
923 2867 994 2923 HS:
1008 2867 1145 2923 anthlaute

146 2937 215 2992 EG.
232 2939 236 3008 l
253 2936 328 3006 dryis
348 2936 423 3006 (drys
438 2936 480 3006 E)
494 2955 521 2990 x.
536 2939 545 3005 fl
560 2943 593 2989 12
612 2939 784 3007 eptagonum
797 2944 823 2993 et
836 2940 891 3009 (13)
906 2938 1144 3010 eptab010(aic.)a

146 3008 288 3076 (eptalobo
306 3008 351 3076 L).
379 3009 388 3076 ΙΙ
416 3012 448 3060 13
473 3023 560 3076 agger
586 3009 636 3075 (sic
658 3009 734 3062 codd.
754 3025 844 3064 omnes
865 3012 924 3065 nisi
946 3011 1020 3079 qaod
1045 3013 1078 3065 ia
1100 3009 1145 3078 tac

144 3097 236 3134 cereas
263 3081 391 3134 orntserat
408 3078 441 3143 G,
469 3080 558 3148 suppl.
581 3078 627 3147 (ΞΟ)
641 3105 675 3124 --
689 3095 750 3148 ger,
777 3078 870 3149 niger,
898 3079 988 3152 nigris
1012 3078 1143 3152 (Plan

146 3150 185 3205 H.
200 3151 323 3219 Kiepert,
336 3149 400 3203 Alte
416 3149 511 3220 Geopr.
525 3152 598 3219 224).
621 3152 630 3219 ΙΙ
654 3155 687 3203 15
707 3149 867 3219 appellatur
882 3150 1080 3223 circumcingit
1091 3147 1144 3206 Hc

146 3223 221 3290 (post
248 3238 310 3290 app.
330 3227 466 3289 peramara
493 3221 556 3276 add.
576 3220 688 3287 H⁰SE,
711 3228 744 3287 A*
762 3238 849 3290 supro
864 3229 1003 3292 proretam
1026 3224 1089 3279 add.
1105 3220 1145 3286 Iti,

145 3293 237 3346 olbam
263 3292 374 3360 reliquit
391 3290 425 3359 S)
439 3334 444 3344 .
458 3290 541 3346 Coloe
568 3294 656 3362 suppl.
680 3293 828 3347 Iocuadaa.
855 3294 865 3363 ll
893 3295 929 3347 1⁷*
953 3293 1143 3349 hastansobam

146 3383 185 3449 (a
200 3379 233 3448 S)
248 3380 283 3433 H
284 3379 312 3446 S,
326 3380 498 3434 astansoban
511 3379 579 3434 Ec.
596 3383 600 3450 l
617 3380 784 3434 adstoboam
796 3398 817 3435 er
830 3383 886 3450 (sed
900 3365 1070 3449 adstaboam
1082 3377 1143 3449 G‘bi

146 3456 179 3503 19
201 3448 484 3532 septentrionalem(e)
501 3469 522 3505 c
540 3453 584 3520 (cf,
600 3467 629 3519 p.
645 3455 761 3519 144‚27.
781 3454 872 3519 25‚1).
896 3456 905 3523 ΙΙ
929 3459 964 3508 20
984 3471 1087 3509 suenen
1101 3448 1141 3520 a!

145 3524 242 3594 egypti
256 3521 283 3576 S.
311 3523 320 3590 ΙΙ
347 3527 379 3574 21
399 3521 610 3576 mauritanias.
634 3525 644 3592 ΙΙ
666 3529 699 3575 22
719 3539 752 3576 ex
770 3540 821 3580 cm.
835 3522 863 3580 8.
