2416 3922
284 166 333 220 DE
352 166 633 221 ARCHITECTURA
651 165 718 218 LIB.
735 164 782 234 VI,
803 170 826 218 5.
847 170 862 216 6
1018 162 1081 225 145

61 317 138 376 urhe
163 317 241 376 atria
264 316 399 392 proxima
422 318 518 375 ianuis
543 317 639 376 solent
663 333 734 389 esse,
757 313 819 372 ruri
838 317 938 372 autem
956 313 1081 390 pseudo·

47 405 190 466 >urbanis
212 407 317 464 statim
339 406 492 481 peristyla,
516 405 621 465 deinde
642 400 646 483 Ι
666 407 738 463 tunc
761 404 839 462 atria
861 403 1003 461 habentia
1026 404 1080 461 cir-

62 514 134 554 cum
166 495 299 570 porticus
332 495 552 569 pavimentatas
585 497 752 569 spectantes
785 493 824 550 ad
855 493 1020 567 palaestras
1051 495 1081 550 et

62 583 293 642 ambulationes.

132 671 238 741 Quoad
264 672 349 747 potui
376 671 504 731 urbanas
527 673 658 730 rationes
682 669 885 729 aedificiorum
907 671 1082 730 summatim

60 760 255 838 perscribere,
277 761 428 836 proposui,
451 779 529 819 nunc
551 760 730 818 rusticorum
749 759 950 834 expeditiones
969 761 1003 817 ut
1022 759 1082 819 sint

61 850 103 935 ad
120 869 209 908 usum
227 849 382 909 commoda
401 849 566 924 quibusque
584 848 751 908 rationibus
771 848 924 908 conlocare
944 851 1083 923 oporteat

47 951 53 994 l
92 957 129 997 ea
154 939 260 997 dicam.

65 931 70 1020 y
132 1027 267 1085 Primum
294 1027 330 1086 de
357 1026 595 1102 salubritatibus,
623 1026 670 1084 uti
696 1027 728 1084 in
750 1025 846 1101 primo
870 1026 1020 1084 volumine
1044 1027 1080 1084 de
1097 1035 1137 1089 VI

60 1115 220 1174 moenibus
242 1115 430 1175 conlocandis
454 1117 669 1191 scriptumest,
692 1114 826 1192 regiones
851 1115 1034 1190 aspiciantur
1052 1117 1082 1172 et

61 1207 109 1264 ita
136 1204 229 1263 villae
258 1205 454 1263 conlocentur.
505 1204 725 1281 magnitudines
757 1222 859 1261 earum
891 1204 930 1260 ad
961 1204 1082 1261 modum

61 1295 131 1371 agri
155 1292 315 1369 copiasque
337 1294 488 1352 fructuum
510 1295 726 1369 comparentur.
772 1291 906 1350 cohortes
931 1293 1081 1370 magnitu-

47 1383 209 1458 ldinesque
230 1375 234 1460 Ι
255 1400 357 1440 earum
384 1383 423 1440 ad
449 1401 589 1458 pecorum
615 1401 771 1440 numerum
801 1383 890 1456 atque
914 1384 988 1456 quot
1010 1383 1082 1458 iuga

61 1472 158 1531 boum
190 1489 264 1546 opus
291 1470 383 1529 fuerit
409 1470 451 1529 ibi
478 1471 604 1546 versari,
636 1471 679 1529 ita
706 1470 857 1528 finiantur.
902 1470 934 1528 in
962 1471 1081 1530 cohorte

62 1559 167 1619 culina
191 1577 282 1635 quam
304 1558 484 1618 calidissimo
508 1560 573 1618 loco
597 1560 776 1637 designetur,
801 1560 958 1618 coniuncta
982 1562 1082 1618 autem

61 1649 178 1707 habeat
208 1647 335 1722 bubilia,
369 1667 495 1723 quorum
525 1650 681 1724 praesepia
709 1649 748 1707 ad
775 1649 874 1706 focum
902 1652 932 1707 et
960 1650 1081 1707 orientis

63 1738 145 1797 caeli
166 1738 318 1814 regionem
341 1740 483 1813 spectent,
505 1738 572 1797 ideo
596 1737 676 1813 quod
698 1737 787 1796 boves
811 1738 912 1795 lumen
930 1739 961 1796 et
982 1739 1083 1816 ignem

47 1826 231 1903 >spectando
261 1817 385 1907 horlridi
416 1845 476 1884 uon
507 1826 591 1884 fiunt.
643 1827 716 1884 item
748 1827 897 1903 agricolae
928 1829 1082 1904 regionum
1119 1874 1134 1914 ,

63 1915 192 1991 inperiti
218 1933 278 1972 non
304 1918 415 1990 putant
442 1918 577 1990 oportere
606 1916 697 1973 aliam
719 1916 872 1993 regionem
895 1916 968 1974 caeli
991 1914 1081 1975 boves

47 2006 204 2080 »spectare
235 2003 293 2061 nisi
325 2005 424 2061 ortum
451 2004 530 2062 solis.
579 2003 726 2062 bubilium
753 2008 854 2062 autem
881 2004 989 2063 debent
1020 2022 1118 2067 ossea

63 2093 244 2152 latitudines
266 2110 320 2150 nec
342 2093 471 2152 minores
498 2092 607 2168 pedum
630 2093 738 2151 denum
765 2112 819 2151 nec
847 2093 974 2151 maiores
998 2094 1083 2167 quin-

63 2182 188 2256 denum,
205 2180 360 2258 longitudo
379 2182 424 2239 uti
443 2182 560 2258 singula
578 2183 649 2257 iuga
667 2200 704 2239 ne
722 2182 820 2240 minus
834 2181 924 2256 pedes
939 2184 1084 2256 occupent

47 2274 215 2347 'septenos
251 2268 405 2327 balnearia
426 2271 500 2328 item
523 2261 688 2353 continuata
712 2269 772 2328 sint
795 2270 919 2342 culinae,
941 2270 986 2326 ita
1004 2269 1084 2327 enim

63 2359 218 2420 lavationi
248 2360 376 2417 rusticae
407 2360 588 2418 ministratio
620 2378 680 2418 non
712 2359 769 2416 erit
800 2358 897 2434 longe.
951 2358 1085 2415 torcular

47 2451 143 2508 ritem
170 2447 338 2523 proximum
365 2448 405 2506 sit
432 2447 562 2523 culinae,
589 2448 633 2506 ita
656 2448 735 2505 enim
758 2447 797 2505 ad
820 2447 946 2505 olearios
969 2447 1082 2505 fruetus

64 2536 226 2597 commoda
249 2537 305 2594 erit
327 2536 517 2612 ministratio,
539 2537 707 2611 habeatque
731 2537 919 2594 coniunctam
937 2535 1084 2594 vinariam

66 2702 285 2712 ----———-—·-

145 2818 158 2864 1
179 2813 273 2865 autem
292 2814 362 2882 (arip
382 2812 418 2866 ab
437 2830 465 2866 x.
484 2815 493 2881 ss
512 2817 527 2865 2
546 2811 726 2881 peristy(i)lia
744 2829 771 2864 rc.
790 2814 833 2880 {13
852 2810 1015 2880 pavimenta
1033 2829 1061 2866 a.
1076 2811 1085 2882 ll

65 2890 84 2937 4
109 2881 318 2936 ambulationes
338 2885 407 2945 Ι9111.
446 2881 506 2947 Quo
534 2881 652 2952 adpotui
668 2926 672 2937 .
690 2926 695 2937 .
712 2926 717 2937 .
737 2885 809 2951 (cam
831 2885 948 2952 capitali
971 2900 1083 2937 numero

64 2954 186 3023 servato)
206 2953 239 3008 G.
268 2955 277 3020 ΙΙ
304 2953 549 3023 torpeditionum
568 2956 628 3023 (·n1'1
643 2954 676 3023 S)
693 2972 719 3008 a.
748 2955 757 3022 ss
786 2953 982 3008 loommodae
1001 2956 1041 3026 (q
1056 2953 1084 3018 S,

66 3042 96 3079 -e
112 3026 151 3094 G)
169 3042 197 3078 a.
214 3027 218 3092 Ι
234 3024 367 3079 collocari
381 3025 407 3080 S.
430 3028 439 3096 ΙΙ
460 3031 476 3078 8
495 3042 543 3079 eas
561 3042 588 3079 rc.
610 3027 619 3093 ΙΙ
642 3030 674 3077 12
694 3024 803 3078 chortes
822 3043 842 3078 or
860 3026 905 3093 (cf.
925 3042 949 3079 o.
965 3025 981 3079 l.
1002 3025 1082 3078 Varr.

61 3099 351 3167 p.146,11.14.19.
371 3100 435 3163 147,
448 3101 475 3151 2.
495 3099 620 3163 217,18.
638 3099 749 3161 17111
764 3096 848 3163 Keil).
875 3098 884 3165 q
912 3100 945 3147 ra
964 3096 1034 3163 quor
1052 3094 1084 3148 a:

66 3166 147 3236 quod
162 3166 232 3221 HG.
256 3170 265 3236 11
289 3172 323 3219 14
340 3166 446 3221 fuerint
463 3186 491 3222 a.
509 3169 512 3239 l
529 3165 624 3220 chorte
643 3184 670 3221 a.
693 3169 702 3236 ll
724 3171 757 3219 15
776 3165 836 3220 desi
877 3168 939 3219 etur
955 3167 1017 3220 GS:
1037 3165 1084 3218 de-

68 3238 188 3310 siluetur
202 3237 240 3291 H.
264 3240 273 3306 ΙΙ
297 3243 330 3292 16
350 3237 461 3292 bubilia
475 3238 550 3293 HG:
570 3236 679 3291 buuilia
694 3238 721 3292 S.
749 3239 759 3305 ΙΙ
788 3242 820 3291 18
858 3239 910 3290 unt
928 3236 995 3291 Hs:
1015 3236 1085 3290 fiant

67 3311 103 3364 θ.
126 3311 136 3378 ΙΙ
158 3313 191 3361 19
210 3307 280 3378 in(m
294 3308 412 3378 Slperiti
431 3312 490 3380 (sic)
508 3328 536 3364 oc.
558 3311 567 3378 ΙΙ
588 3313 621 3362 20
640 3308 780 3362 buuilium
797 3326 818 3363 a
836 3306 986 3377 (bubilium
1003 3309 1056 3376 GC).
1076 3308 1085 3377 ll

67 3387 103 3435 21
123 3378 298 3448 quindenum
317 3381 348 3435 S:
372 3400 397 3435 v.
405 3380 508 3435 denum
526 3381 596 3435 HG.
625 3381 633 3450 ΙΙ
661 3385 694 3432 22
718 3379 804 3448 pedes
826 3381 963 3449 occupent
980 3396 1001 3432 x
1019 3380 1085 3447 (noa

67 3452 211 3520 occupent
231 3451 331 3520 pedes,
353 3458 385 3506 ct
403 3453 482 3522 edd).
501 3454 510 3521 ll
529 3457 562 3504 23
581 3450 639 3505 sint
652 3451 686 3504 H
688 3451 720 3506 S:
744 3452 809 3503 sunt
829 3449 863 3504 G.
882 3455 891 3520 [ι
909 3455 944 3502 24
962 3449 1087 3504 torcular

67 3521 156 3592 S(G⁶‚
172 3529 205 3576 ut
221 3526 297 3578 c.12
315 3524 357 3592 xl:
376 3523 480 3577 torclar
494 3524 529 3578 H
531 3522 565 3578 G.

87 3683 89 3687 .
125 3621 230 3662 Vrrauv.
246 3621 273 3660 de
292 3621 409 3662 architem.
424 3622 458 3662 od.
473 3622 553 3662 ane.
876 3615 912 3663 ib
