2430 3922
318 167 366 222 DE
384 167 665 224 ARCHITECTURA
682 168 748 224 LIB.
767 169 788 238 I,
807 175 823 222 2
1035 170 1076 233 11
1152 174 1155 180 ’

61 319 197 378 inventio
233 322 336 380 autem
372 322 417 379 est
453 319 662 395 quaestionum
693 319 886 379 obscurarum
917 321 1077 396 explicatio

60 408 203 483 ratioque
230 427 325 467 novae
351 407 395 466 rei
418 407 520 485 vigore
548 408 651 466 mobili
674 411 801 484 reperta.
846 410 902 467 hae
926 413 996 469 sunt
1018 412 1077 468 ter·

61 497 244 556 minutiones
267 496 503 573 dispositionum

128 585 310 660 Eurythmia
333 588 379 645 est
399 588 527 644 venusta
550 586 661 661 species
689 586 952 662 commodusque
944 606 975 644 m
999 606 1075 646 com·
1096 602 1112 649 3

10 665 272 757 loyspolsitionibus
308 673 508 733 membrorum
544 677 690 749 aspectus.
744 674 816 734 haec
849 675 978 734 efficitur
1009 695 1079 741 oum

61 763 198 822 membra
216 764 314 839 operis
328 763 530 822 convenientis
548 766 618 821 sunt
637 762 803 821 altitudinis
820 764 859 821 ad
876 764 1077 840 latitudinem,

61 851 233 910 latitudinis
256 852 295 910 ad
316 852 534 929 longitudinem
558 853 587 910 et
611 851 649 909 ad
673 869 820 910 summam
837 853 937 911 omnia
955 872 1077 929 respon·

62 940 134 1000 dent
156 959 229 1000 suae
252 941 452 1016 symmetriae.

127 1030 208 1088 Item
240 1030 413 1104 symmetria
445 1032 490 1088 est
522 1048 557 1087 ex
588 1029 683 1104 ipsius
715 1028 811 1103 operis
841 1030 980 1089 membris
1009 1045 1113 1092 con-4

10 1119 185 1182 tnoveniens
206 1112 210 1197 Ι
232 1137 389 1178 consensus
413 1137 448 1176 ex
471 1118 667 1193 partibusque
690 1117 836 1191 separatis
860 1118 898 1175 ad
920 1119 1077 1178 universae

60 1207 175 1284 figurae
203 1207 333 1282 speciem
359 1210 444 1266 ratae
471 1206 564 1282 partis
578 1224 762 1281 responsus
812 1206 858 1263 uti
888 1206 919 1263 in
948 1207 1076 1265 hominis

60 1314 185 1372 corpore
209 1315 225 1354 e
249 1295 348 1354 cubito
376 1296 452 1371 pede
478 1296 578 1371 palmo
607 1294 702 1371 digito
730 1294 893 1369 ceterisque
921 1295 1077 1370 particulis

60 1387 239 1460 symmetros
263 1388 309 1443 est
327 1384 514 1460 eurythmiae
533 1383 684 1460 qualitas>
697 1383 738 1441 sic
758 1385 803 1441 est
820 1383 852 1440 in
871 1400 993 1457 operum
1010 1403 1077 1459 per-

60 1473 249 1532 fectionibus.
301 1475 331 1531 et
357 1473 487 1548 primum
513 1473 545 1530 in
573 1472 695 1530 aedibus
723 1472 813 1530 'sacris
842 1475 895 1529 aut
923 1492 938 1530 e
967 1473 1077 1531 colum·

10 1576 170 1626 syrenarum
197 1555 452 1644 crassitudilnibus
481 1563 535 1620 aut
565 1561 717 1637 triglypho
746 1564 800 1619 aut
827 1561 919 1619 etiam
951 1560 1077 1637 embate,

59 1651 114 1710 sed
136 1654 167 1710 et
189 1650 328 1709 ballistae
352 1671 367 1708 e
390 1650 536 1710 foramine
558 1644 630 1727 <et>
654 1649 734 1725 quod
757 1648 862 1707 Graeci
887 1651 1093 1723 περιτρητον’

58 1739 209 1815 vocitant,
232 1739 317 1798 navis
340 1739 550 1813 interscalmio,
574 1739 653 1813 quod
677 1739 839 1811 διαπηγμα
862 1738 979 1812 dicitur,
1001 1739 1075 1798 item

59 1833 231 1888 ceterorum
267 1847 391 1904 operum
427 1847 442 1885 e
474 1826 612 1885 membris
649 1827 800 1885 invenitur
837 1827 1078 1902 symmetriarum

58 1917 261 1977 ratiocinatio.

19 2031 47 2069 so
127 2005 227 2064 Decor
254 2008 354 2063 autem
383 2009 427 2064 est
455 2005 626 2063 emendatus
656 2004 752 2079 operis
782 2006 918 2078 aspectus
941 2005 1111 2081 probatis5

10 2087 66 2176 [sol
80 2095 173 2153 rebus
201 2094 357 2169 compositi
381 2113 447 2152 curn
475 2093 662 2152 auctoritate.
707 2093 732 2150 is
760 2093 912 2167 perficitur
939 2094 1077 2167 statione,

59 2183 143 2260 quod
174 2201 280 2259 graece
312 2185 499 2254 θεματιεμωι
531 2182 652 2256 dicitur,
689 2199 742 2239 seu
779 2181 990 2239 consuetudine
1023 2184 1077 2239 aut

57 2276 181 2330 natura.
228 2271 368 2345 statione,
397 2289 465 2329 cum
491 2271 556 2330 Iovi
579 2270 703 2347 Fulguri
731 2272 761 2327 et
786 2268 874 2328 Caelo
902 2272 933 2327 et
956 2268 1019 2327 Soli
1047 2272 1077 2326 et

10 2374 43 2429 {3
57 2360 164 2420 Lunae
184 2352 327 2441 aedilficia
346 2359 453 2418 subdiu
471 2360 696 2436 hypaethraque
711 2358 938 2417 constituentur.
971 2358 1077 2417 horum

15 2476 44 2515 ιι
59 2451 143 2508 enim
165 2450 290 2507 deorum
313 2452 343 2507 et
366 2448 477 2524 species
496 2451 526 2506 et
545 2449 665 2506 effeetus
684 2448 716 2504 in
735 2449 838 2521 aperto
857 2447 966 2505 mundo
986 2449 1077 2522 atque'

56 2538 174 2598 lucenti
197 2539 367 2612 praesentes
385 2537 527 2596 videmus.
568 2537 720 2595 Minervae
743 2539 773 2594 et
791 2535 883 2594 Marti
907 2538 937 2593 et
955 2535 1077 2594 Herculi

57 2627 150 2686 aedes
180 2626 296 2684 doricae
323 2625 402 2684 fient.
447 2625 493 2684 his
522 2625 600 2683 enim
623 2625 679 2683 diis
701 2627 825 2700 propter
846 2625 990 2683 virtutem
1013 2625 1076 2683 eine

12 2736 46 2786 (ι)
58 2715 176 2775 deliciis
205 2714 339 2773 aedificia
360 2709 364 2792 1
386 2715 528 2773 constitui
555 2714 646 2772 decet.
692 2713 800 2771 Veneri
828 2713 934 2772 Florae
957 2714 1077 2773 Proser·

56 2805 152 2882 pinae
179 2803 269 2863 Fonti
296 2803 440 2879 Lumphis
467 2802 613 2861 corinthio
645 2821 751 2879 genere
780 2803 961 2861 constitutae
990 2806 1076 2877 aptas

135 3032 151 3080 6
170 3025 366 3081 convomentra
383 3044 410 3080 ιι.
425 3028 464 3096 117
483 3026 653 3095 respondent
673 3027 711 3081 G:
734 3025 833 3079 -deant
851 3026 913 3080 HS.
933 3027 943 3095 ll
963 3031 994 3078 11
1014 3026 1076 3097 rate

59 3098 128 3154 GS.
147 3098 206 3168 late
225 3097 264 3152 H
282 3099 292 3166 ΙΙ
310 3102 344 3150 15
363 3097 505 3151 embatere
525 3095 625 3150 ballist
613 3099 658 3150 tae
678 3096 775 3165 (baliet
811 3097 853 3150 11⁶
859 3096 921 3166 GS)
939 3043 1076 3150 foramine

55 3169 140 3239 qnod
157 3116 252 3238 graeci
270 3167 358 3239 (greci
374 3169 410 3236 G)
427 3167 583 3248 peritreton
597 3185 624 3222 ιι
639 3171 648 3238 ΙΙ
664 3173 696 3221 17
678 3100 836 3222 (nardius
854 3185 881 3222 ιι.
900 3168 992 3235 {quae
1011 3169 1076 3239 (quq

59 3240 131 3310 GS)
149 3239 199 3309 dip
198 3238 315 3294 heciaca
332 3256 360 3293 ιι.
375 3241 431 3309 1122
451 3237 631 3292 thematiemo
650 3256 677 3293 ιι.
693 3241 750 3308 1124
769 3239 821 3291 sub
840 3238 905 3292 divo
924 3238 1077 3307 hyphetra-

55 3328 116 3381 que
141 3310 389 3381 (mphetraques,
417 3310 490 3379 hype
492 3309 612 3378 thraque
632 3309 668 3377 G)
686 3327 707 3363 ιι
729 3310 774 3380 (cf.
793 3327 820 3377 p.
841 3313 904 3374 124,
916 3310 953 3376 2).
981 3310 985 3380 Ι
1011 3325 1077 3363 con-

56 3383 217 3437 stituentur
234 3380 302 3436 HS
331 3384 427 3434 -untur
451 3381 485 3437 G.
508 3383 517 3450 ll
541 3386 574 3434 26
596 3380 721 3435 videmus
741 3380 815 3436 GS
843 3352 964 3433 vidimus
984 3380 1047 3436 HS.
1066 3380 1076 3452 ll

57 3459 94 3508 28
110 3453 170 3523 di(e
182 3453 245 3508 SG⁰
245 3450 330 3522 )liciie
343 3469 371 3506 ι,
385 3455 395 3521 ΙΙ
409 3457 443 3505 29
461 3452 523 3506 font
511 3455 607 3520 tyoum
620 3451 691 3521 phys
706 3451 745 3519 H,
763 3451 825 3505 font
814 3453 844 3520 ty
858 3450 964 3520 cuphys
980 3452 1002 3506 S
1016 3452 1076 3522 (uhi

54 3541 185 3595 suprar.
204 3523 320 3594 niphis)
338 3522 408 3577 font
401 3539 475 3592 noym
492 3523 557 3593 phis
579 3523 704 3593 G(phys
725 3494 777 3591 Gt)
