<?xml version="1.0" encoding="UTF-8"?>
<!DOCTYPE html PUBLIC "-//W3C//DTD XHTML 1.0 Transitional//EN"
    "http://www.w3.org/TR/xhtml1/DTD/xhtml1-transitional.dtd">
<html xmlns="http://www.w3.org/1999/xhtml" xml:lang="en" lang="en">
 <head>
  <title>
</title>
<meta http-equiv="Content-Type" content="text/html;charset=utf-8" />
  <meta name='ocr-system' content='tesseract 3.04.00' />
  <meta name='ocr-capabilities' content='ocr_page ocr_carea ocr_par ocr_line ocrx_word'/>
</head>
<body>
  <div class='ocr_page' id='page_1' title='image "./vitruviidearchi00rosegoog_0157.png"; bbox 0 0 2416 3922; ppageno 0'>
   <div class='ocr_carea' id='block_1_1' title="bbox 112 143 699 210">
    <p class='ocr_par' dir='ltr' id='par_1_1' title="bbox 112 143 699 210">
     <span class='ocr_line' id='line_1_1' title="bbox 112 143 699 210; baseline 0.002 -14"><span class='ocrx_word' id='word_1_1' title='bbox 112 145 176 210; x_wconf 81' lang='lat'>120</span> <span class='ocrx_word' id='word_1_2' title='bbox 533 143 699 198; x_wconf 78' lang='lat' dir='ltr'>visarum</span> 
     </span>
    </p>
   </div>
   <div class='ocr_carea' id='block_1_2' title="bbox 65 293 1158 727">
    <p class='ocr_par' dir='ltr' id='par_1_2' title="bbox 109 293 1118 548">
     <span class='ocr_line' id='line_1_2' title="bbox 109 293 1118 372; baseline 0.001 -18"><span class='ocrx_word' id='word_1_3' title='bbox 109 295 184 354; x_wconf 91' lang='lat' dir='ltr'>ratis</span> <span class='ocrx_word' id='word_1_4' title='bbox 208 293 407 371; x_wconf 75' lang='lat' dir='ltr'>designentur,</span> <span class='ocrx_word' id='word_1_5' title='bbox 432 293 612 354; x_wconf 85' lang='lat' dir='ltr'>Graecorum</span> <span class='ocrx_word' id='word_1_6' title='bbox 633 293 765 353; x_wconf 82' lang='lat' dir='ltr'>habeant</span> <span class='ocrx_word' id='word_1_7' title='bbox 786 313 866 369; x_wconf 92' lang='lat' dir='ltr'>usus,</span> <span class='ocrx_word' id='word_1_8' title='bbox 888 295 985 354; x_wconf 88' lang='lat' dir='ltr'>latina</span> <span class='ocrx_word' id='word_1_9' title='bbox 1004 315 1020 353; x_wconf 90' lang='lat' dir='ltr'>e</span> <span class='ocrx_word' id='word_1_10' title='bbox 1042 296 1118 372; x_wconf 87' lang='lat' dir='ltr'>puri·</span> 
     </span>
     <span class='ocr_line' id='line_1_3' title="bbox 109 382 1118 461; baseline 0.002 -19"><span class='ocrx_word' id='word_1_11' title='bbox 109 384 166 442; x_wconf 89' lang='lat' dir='ltr'>bus</span> <span class='ocrx_word' id='word_1_12' title='bbox 194 383 338 441; x_wconf 88' lang='lat' dir='ltr'>lateribus</span> <span class='ocrx_word' id='word_1_13' title='bbox 364 383 559 459; x_wconf 73' lang='lat' dir='ltr'>trigonorum.</span> <span class='ocrx_word' id='word_1_14' title='bbox 604 382 649 441; x_wconf 91' lang='lat' dir='ltr'>ita</span> <span class='ocrx_word' id='word_1_15' title='bbox 677 383 724 441; x_wconf 93' lang='lat' dir='ltr'>his</span> <span class='ocrx_word' id='word_1_16' title='bbox 755 383 1038 459; x_wconf 80' lang='lat' dir='ltr'>praescriptionibus</span> <span class='ocrx_word' id='word_1_17' title='bbox 1070 385 1118 461; x_wconf 92' lang='lat' dir='ltr'>qui</span> 
     </span>
     <span class='ocr_line' id='line_1_4' title="bbox 110 470 1077 548; baseline 0.002 -17"><span class='ocrx_word' id='word_1_18' title='bbox 110 471 239 532; x_wconf 88' lang='lat' dir='ltr'>voluerit</span> <span class='ocrx_word' id='word_1_19' title='bbox 260 472 315 546; x_wconf 91' lang='lat' dir='ltr'>uti,</span> <span class='ocrx_word' id='word_1_20' title='bbox 341 471 511 530; x_wconf 90' lang='lat' dir='ltr'>emendatas</span> <span class='ocrx_word' id='word_1_21' title='bbox 535 470 644 530; x_wconf 89' lang='lat' dir='ltr'>efficiet</span> <span class='ocrx_word' id='word_1_22' title='bbox 665 472 850 532; x_wconf 80' lang='lat' dir='ltr'>theatrorum</span> <span class='ocrx_word' id='word_1_23' title='bbox 871 473 1077 548; x_wconf 77' lang='lat' dir='ltr'>perfectiones.</span> 
     </span>
    </p>

    <p class='ocr_par' dir='ltr' id='par_1_3' title="bbox 65 552 1158 727">
     <span class='ocr_line' id='line_1_5' title="bbox 65 552 1158 660; baseline 0.005 -42"><span class='ocrx_word' id='word_1_24' title='bbox 65 571 104 625; x_wconf 83' lang='grc' dir='ltr'>ΙΧ</span> <span class='ocrx_word' id='word_1_25' title='bbox 179 552 273 642; x_wconf 55' lang='lat' dir='ltr'>,Post</span> <span class='ocrx_word' id='word_1_26' title='bbox 299 578 437 619; x_wconf 82' lang='lat' dir='ltr'>scaenam</span> <span class='ocrx_word' id='word_1_27' title='bbox 462 559 594 635; x_wconf 89' lang='lat' dir='ltr'>porticus</span> <span class='ocrx_word' id='word_1_28' title='bbox 622 563 692 619; x_wconf 91' lang='lat' dir='ltr'>sunt</span> <span class='ocrx_word' id='word_1_29' title='bbox 719 559 956 636; x_wconf 84' lang='lat' dir='ltr'>constituendae,</span> <span class='ocrx_word' id='word_1_30' title='bbox 982 561 1030 620; x_wconf 91' lang='lat' dir='ltr'>uti</span> <span class='ocrx_word' id='word_1_31' title='bbox 1056 571 1158 660; x_wconf 56' lang='lat' dir='ltr'>cumlyt</span> 
     </span>
     <span class='ocr_line' id='line_1_6' title="bbox 109 648 1149 727; baseline 0.002 -19"><span class='ocrx_word' id='word_1_32' title='bbox 109 648 219 708; x_wconf 88' lang='lat' dir='ltr'>imbres</span> <span class='ocrx_word' id='word_1_33' title='bbox 237 649 385 724; x_wconf 84' lang='lat' dir='ltr'>repentini</span> <span class='ocrx_word' id='word_1_34' title='bbox 403 649 491 710; x_wconf 89' lang='lat' dir='ltr'>ludos</span> <span class='ocrx_word' id='word_1_35' title='bbox 509 648 775 724; x_wconf 78' lang='lat' dir='ltr'>interpellaverint,</span> <span class='ocrx_word' id='word_1_36' title='bbox 792 648 902 708; x_wconf 90' lang='lat' dir='ltr'>habeat</span> <span class='ocrx_word' id='word_1_37' title='bbox 919 652 1118 727; x_wconf 86' lang='lat' dir='ltr'>populusque</span> <span class='ocrx_word' id='word_1_38' title='bbox 1139 668 1149 710; x_wconf 79' lang='lat' dir='ltr'>s</span> 
     </span>
    </p>
   </div>
   <div class='ocr_carea' id='block_1_3' title="bbox 76 729 1161 2765">
    <p class='ocr_par' dir='ltr' id='par_1_4' title="bbox 76 729 1161 2765">
     <span class='ocr_line' id='line_1_7' title="bbox 111 729 1161 819; baseline -0.005 -22"><span class='ocrx_word' id='word_1_39' title='bbox 111 756 142 797; x_wconf 89' lang='lat' dir='ltr'>se</span> <span class='ocrx_word' id='word_1_40' title='bbox 155 729 291 819; x_wconf 66' lang='lat' dir='ltr'>reoilpiat</span> <span class='ocrx_word' id='word_1_41' title='bbox 309 757 344 796; x_wconf 88' lang='lat' dir='ltr'>ex</span> <span class='ocrx_word' id='word_1_42' title='bbox 362 738 478 797; x_wconf 89' lang='lat' dir='ltr'>theatro</span> <span class='ocrx_word' id='word_1_43' title='bbox 498 737 695 813; x_wconf 86' lang='lat' dir='ltr'>choragiaque</span> <span class='ocrx_word' id='word_1_44' title='bbox 713 737 915 797; x_wconf 86' lang='lat' dir='ltr'>laxamentum</span> <span class='ocrx_word' id='word_1_45' title='bbox 932 738 1065 799; x_wconf 88' lang='lat' dir='ltr'>habeant</span> <span class='ocrx_word' id='word_1_46' title='bbox 1081 737 1161 799; x_wconf 77' lang='lat' dir='ltr'>adltl</span> 
     </span>
     <span class='ocr_line' id='line_1_8' title="bbox 111 825 1118 904; baseline 0.002 -18"><span class='ocrx_word' id='word_1_47' title='bbox 111 826 350 902; x_wconf 87' lang='lat' dir='ltr'>comparandum.</span> <span class='ocrx_word' id='word_1_48' title='bbox 404 826 451 885; x_wconf 91' lang='lat' dir='ltr'>uti</span> <span class='ocrx_word' id='word_1_49' title='bbox 487 828 556 885; x_wconf 90' lang='lat' dir='ltr'>sunt</span> <span class='ocrx_word' id='word_1_50' title='bbox 591 825 723 902; x_wconf 87' lang='lat' dir='ltr'>porticus</span> <span class='ocrx_word' id='word_1_51' title='bbox 754 827 953 903; x_wconf 89' lang='lat' dir='ltr'>Pompeianae</span> <span class='ocrx_word' id='word_1_52' title='bbox 990 829 1118 904; x_wconf 89' lang='lat' dir='ltr'>itemque</span> 
     </span>
     <span class='ocr_line' id='line_1_9' title="bbox 110 914 1119 991; baseline 0.002 -17"><span class='ocrx_word' id='word_1_53' title='bbox 110 915 236 974; x_wconf 86' lang='lat' dir='ltr'>Athenis</span> <span class='ocrx_word' id='word_1_54' title='bbox 265 915 398 991; x_wconf 90' lang='lat' dir='ltr'>porticus</span> <span class='ocrx_word' id='word_1_55' title='bbox 425 914 603 974; x_wconf 82' lang='lat' dir='ltr'>Eumenicae</span> <span class='ocrx_word' id='word_1_56' title='bbox 631 915 787 990; x_wconf 89' lang='lat' dir='ltr'>Patrisque</span> <span class='ocrx_word' id='word_1_57' title='bbox 814 915 914 974; x_wconf 86' lang='lat' dir='ltr'>Liberi</span> <span class='ocrx_word' id='word_1_58' title='bbox 941 917 1060 991; x_wconf 90' lang='lat' dir='ltr'>fanum,</span> <span class='ocrx_word' id='word_1_59' title='bbox 1091 921 1119 976; x_wconf 89' lang='lat' dir='ltr'>ct</span> 
     </span>
     <span class='ocr_line' id='line_1_10' title="bbox 111 1003 1118 1081; baseline 0.003 -19"><span class='ocrx_word' id='word_1_60' title='bbox 111 1003 285 1062; x_wconf 89' lang='lat' dir='ltr'>exeuntibus</span> <span class='ocrx_word' id='word_1_61' title='bbox 309 1024 324 1061; x_wconf 93' lang='lat' dir='ltr'>e</span> <span class='ocrx_word' id='word_1_62' title='bbox 351 1004 468 1063; x_wconf 87' lang='lat' dir='ltr'>theatro</span> <span class='ocrx_word' id='word_1_63' title='bbox 497 1003 618 1062; x_wconf 87' lang='lat' dir='ltr'>sinistra</span> <span class='ocrx_word' id='word_1_64' title='bbox 644 1006 731 1079; x_wconf 89' lang='lat' dir='ltr'>parte</span> <span class='ocrx_word' id='word_1_65' title='bbox 754 1004 873 1080; x_wconf 90' lang='lat' dir='ltr'>odeum,</span> <span class='ocrx_word' id='word_1_66' title='bbox 902 1005 982 1081; x_wconf 92' lang='lat' dir='ltr'>quod</span> <span class='ocrx_word' id='word_1_67' title='bbox 1005 1005 1118 1065; x_wconf 83' lang='lat' dir='ltr'>Themi-</span> 
     </span>
     <span class='ocr_line' id='line_1_11' title="bbox 111 1087 1161 1172; baseline 0.005 -21"><span class='ocrx_word' id='word_1_68' title='bbox 111 1093 216 1152; x_wconf 89' lang='lat' dir='ltr'>stocles</span> <span class='ocrx_word' id='word_1_69' title='bbox 237 1087 241 1172; x_wconf 89' lang='grc' dir='ltr'>Ι</span> <span class='ocrx_word' id='word_1_70' title='bbox 262 1091 405 1151; x_wconf 90' lang='lat' dir='ltr'>columnis</span> <span class='ocrx_word' id='word_1_71' title='bbox 427 1091 553 1168; x_wconf 88' lang='lat' dir='ltr'>lapideis</span> <span class='ocrx_word' id='word_1_72' title='bbox 576 1091 740 1168; x_wconf 84' lang='lat' dir='ltr'>dispositis,</span> <span class='ocrx_word' id='word_1_73' title='bbox 762 1092 884 1152; x_wconf 86' lang='lat' dir='ltr'>navium</span> <span class='ocrx_word' id='word_1_74' title='bbox 905 1094 993 1153; x_wconf 88' lang='lat' dir='ltr'>malis</span> <span class='ocrx_word' id='word_1_75' title='bbox 1018 1098 1049 1154; x_wconf 90' lang='lat' dir='ltr'>et</span> <span class='ocrx_word' id='word_1_76' title='bbox 1071 1104 1161 1156; x_wconf 69' lang='lat' dir='ltr'>sin-us</span> 
     </span>
     <span class='ocr_line' id='line_1_12' title="bbox 110 1180 1118 1257; baseline 0.003 -18"><span class='ocrx_word' id='word_1_77' title='bbox 110 1181 218 1240; x_wconf 90' lang='lat' dir='ltr'>temnis</span> <span class='ocrx_word' id='word_1_78' title='bbox 242 1200 257 1239; x_wconf 91' lang='lat' dir='ltr'>e</span> <span class='ocrx_word' id='word_1_79' title='bbox 286 1180 389 1257; x_wconf 87' lang='lat' dir='ltr'>spoliis</span> <span class='ocrx_word' id='word_1_80' title='bbox 412 1181 539 1240; x_wconf 89' lang='lat' dir='ltr'>Persicis</span> <span class='ocrx_word' id='word_1_81' title='bbox 561 1181 703 1256; x_wconf 91' lang='lat' dir='ltr'>pertexit,</span> <span class='ocrx_word' id='word_1_82' title='bbox 731 1181 809 1238; x_wconf 93' lang='lat' dir='ltr'>idem</span> <span class='ocrx_word' id='word_1_83' title='bbox 836 1185 937 1240; x_wconf 89' lang='lat' dir='ltr'>autem</span> <span class='ocrx_word' id='word_1_84' title='bbox 964 1182 1057 1241; x_wconf 89' lang='lat' dir='ltr'>etiam</span> <span class='ocrx_word' id='word_1_85' title='bbox 1077 1184 1118 1242; x_wconf 91' lang='lat' dir='ltr'>in·</span> 
     </span>
     <span class='ocr_line' id='line_1_13' title="bbox 111 1269 1118 1347; baseline 0 -18"><span class='ocrx_word' id='word_1_86' title='bbox 111 1289 230 1329; x_wconf 89' lang='lat' dir='ltr'>censum</span> <span class='ocrx_word' id='word_1_87' title='bbox 270 1269 473 1328; x_wconf 88' lang='lat' dir='ltr'>Mithridatico</span> <span class='ocrx_word' id='word_1_88' title='bbox 513 1270 592 1329; x_wconf 89' lang='lat' dir='ltr'>bello</span> <span class='ocrx_word' id='word_1_89' title='bbox 632 1289 684 1328; x_wconf 87' lang='lat' dir='ltr'>rex</span> <span class='ocrx_word' id='word_1_90' title='bbox 723 1269 938 1329; x_wconf 84' lang='lat' dir='ltr'>Ariobarzanes</span> <span class='ocrx_word' id='word_1_91' title='bbox 978 1273 1118 1347; x_wconf 88' lang='lat' dir='ltr'>restituit,</span> 
     </span>
     <span class='ocr_line' id='line_1_14' title="bbox 110 1357 1119 1437; baseline 0.004 -21"><span class='ocrx_word' id='word_1_92' title='bbox 110 1359 255 1434; x_wconf 85' lang='lat' dir='ltr'>Zmyrnae</span> <span class='ocrx_word' id='word_1_93' title='bbox 275 1357 500 1433; x_wconf 84' lang='lat' dir='ltr'>Stratoniceum,</span> <span class='ocrx_word' id='word_1_94' title='bbox 518 1358 668 1417; x_wconf 86' lang='lat' dir='ltr'>Trallibus</span> <span class='ocrx_word' id='word_1_95' title='bbox 686 1358 818 1434; x_wconf 88' lang='lat' dir='ltr'>porticus</span> <span class='ocrx_word' id='word_1_96' title='bbox 838 1378 873 1417; x_wconf 87' lang='lat' dir='ltr'>ex</span> <span class='ocrx_word' id='word_1_97' title='bbox 890 1362 1019 1436; x_wconf 90' lang='lat' dir='ltr'>utraque</span> <span class='ocrx_word' id='word_1_98' title='bbox 1037 1363 1119 1437; x_wconf 88' lang='lat' dir='ltr'>parte</span> 
     </span>
     <span class='ocr_line' id='line_1_15' title="bbox 111 1446 1118 1527; baseline 0.003 -22"><span class='ocrx_word' id='word_1_99' title='bbox 111 1465 234 1506; x_wconf 91' lang='lat' dir='ltr'>scaenae</span> <span class='ocrx_word' id='word_1_100' title='bbox 258 1465 347 1522; x_wconf 90' lang='lat' dir='ltr'>supra</span> <span class='ocrx_word' id='word_1_101' title='bbox 366 1447 505 1522; x_wconf 88' lang='lat' dir='ltr'>stadium,</span> <span class='ocrx_word' id='word_1_102' title='bbox 528 1446 691 1522; x_wconf 90' lang='lat' dir='ltr'>ceterisque</span> <span class='ocrx_word' id='word_1_103' title='bbox 710 1447 883 1506; x_wconf 85' lang='lat' dir='ltr'>civitatibus</span> <span class='ocrx_word' id='word_1_104' title='bbox 903 1467 979 1524; x_wconf 89' lang='lat' dir='ltr'>quae</span> <span class='ocrx_word' id='word_1_105' title='bbox 998 1449 1118 1527; x_wconf 84' lang='lat' dir='ltr'>diligen·</span> 
     </span>
     <span class='ocr_line' id='line_1_16' title="bbox 110 1534 1161 1613; baseline 0.006 -20"><span class='ocrx_word' id='word_1_106' title='bbox 110 1537 201 1593; x_wconf 90' lang='lat' dir='ltr'>tiores</span> <span class='ocrx_word' id='word_1_107' title='bbox 215 1535 383 1594; x_wconf 88' lang='lat' dir='ltr'>habuerunt</span> <span class='ocrx_word' id='word_1_108' title='bbox 396 1535 571 1594; x_wconf 89' lang='lat' dir='ltr'>architectos</span> <span class='ocrx_word' id='word_1_109' title='bbox 592 1534 596 1609; x_wconf 69' lang='lat' dir='ltr'>t</span> <span class='ocrx_word' id='word_1_110' title='bbox 617 1536 695 1594; x_wconf 90' lang='lat' dir='ltr'>circa</span> <span class='ocrx_word' id='word_1_111' title='bbox 712 1537 831 1594; x_wconf 89' lang='lat' dir='ltr'>theatra</span> <span class='ocrx_word' id='word_1_112' title='bbox 850 1540 919 1596; x_wconf 92' lang='lat' dir='ltr'>sunt</span> <span class='ocrx_word' id='word_1_113' title='bbox 935 1539 1070 1613; x_wconf 90' lang='lat' dir='ltr'>porticus</span> <span class='ocrx_word' id='word_1_114' title='bbox 1088 1541 1161 1599; x_wconf 74' lang='lat' dir='ltr'>et1⁶l1⁴</span> 
     </span>
     <span class='ocr_line' id='line_1_17' title="bbox 76 1623 1119 1700; baseline 0.001 -15"><span class='ocrx_word' id='word_1_115' title='bbox 76 1623 337 1685; x_wconf 66' lang='lat' dir='ltr'>rambulationes.</span> <span class='ocrx_word' id='word_1_116' title='bbox 383 1642 459 1698; x_wconf 91' lang='lat' dir='ltr'>quae</span> <span class='ocrx_word' id='word_1_117' title='bbox 490 1623 628 1683; x_wconf 77' lang='lat' dir='ltr'>videntur</span> <span class='ocrx_word' id='word_1_118' title='bbox 659 1624 703 1682; x_wconf 91' lang='lat' dir='ltr'>ita</span> <span class='ocrx_word' id='word_1_119' title='bbox 733 1628 869 1700; x_wconf 87' lang='lat' dir='ltr'>oportere</span> <span class='ocrx_word' id='word_1_120' title='bbox 899 1627 1050 1686; x_wconf 91' lang='lat' dir='ltr'>conlocari</span> <span class='ocrx_word' id='word_1_121' title='bbox 1077 1626 1119 1686; x_wconf 90' lang='lat' dir='ltr'>uti</span> 
     </span>
     <span class='ocr_line' id='line_1_18' title="bbox 111 1711 1119 1788; baseline 0.005 -19"><span class='ocrx_word' id='word_1_122' title='bbox 111 1711 244 1787; x_wconf 89' lang='lat' dir='ltr'>duplices</span> <span class='ocrx_word' id='word_1_123' title='bbox 267 1712 328 1771; x_wconf 93' lang='lat' dir='ltr'>sint</span> <span class='ocrx_word' id='word_1_124' title='bbox 349 1711 537 1788; x_wconf 89' lang='lat' dir='ltr'>habeantque</span> <span class='ocrx_word' id='word_1_125' title='bbox 561 1715 719 1772; x_wconf 85' lang='lat' dir='ltr'>exteriores</span> <span class='ocrx_word' id='word_1_126' title='bbox 743 1715 895 1773; x_wconf 89' lang='lat' dir='ltr'>columnas</span> <span class='ocrx_word' id='word_1_127' title='bbox 918 1714 1035 1775; x_wconf 89' lang='lat' dir='ltr'>doricas</span> <span class='ocrx_word' id='word_1_128' title='bbox 1056 1735 1119 1774; x_wconf 90' lang='lat' dir='ltr'>cum</span> 
     </span>
     <span class='ocr_line' id='line_1_19' title="bbox 111 1799 1119 1880; baseline 0.004 -22"><span class='ocrx_word' id='word_1_129' title='bbox 111 1799 257 1876; x_wconf 87' lang='lat' dir='ltr'>epistyliis</span> <span class='ocrx_word' id='word_1_130' title='bbox 281 1804 311 1859; x_wconf 91' lang='lat' dir='ltr'>et</span> <span class='ocrx_word' id='word_1_131' title='bbox 334 1802 514 1859; x_wconf 86' lang='lat' dir='ltr'>ornamentis</span> <span class='ocrx_word' id='word_1_132' title='bbox 538 1821 573 1859; x_wconf 87' lang='lat' dir='ltr'>ex</span> <span class='ocrx_word' id='word_1_133' title='bbox 594 1801 710 1860; x_wconf 90' lang='lat' dir='ltr'>ratione</span> <span class='ocrx_word' id='word_1_134' title='bbox 733 1802 945 1862; x_wconf 90' lang='lat' dir='ltr'>modulationis</span> <span class='ocrx_word' id='word_1_135' title='bbox 966 1805 1119 1880; x_wconf 83' lang='lat' dir='ltr'>perfectas.</span> 
     </span>
     <span class='ocr_line' id='line_1_20' title="bbox 110 1889 1120 1966; baseline 0.006 -20"><span class='ocrx_word' id='word_1_136' title='bbox 110 1889 284 1947; x_wconf 90' lang='lat' dir='ltr'>latitudines</span> <span class='ocrx_word' id='word_1_137' title='bbox 317 1892 418 1947; x_wconf 91' lang='lat' dir='ltr'>autem</span> <span class='ocrx_word' id='word_1_138' title='bbox 450 1908 551 1948; x_wconf 90' lang='lat' dir='ltr'>earum</span> <span class='ocrx_word' id='word_1_139' title='bbox 577 1890 621 1949; x_wconf 92' lang='lat' dir='ltr'>ita</span> <span class='ocrx_word' id='word_1_140' title='bbox 653 1893 789 1966; x_wconf 91' lang='lat' dir='ltr'>oportere</span> <span class='ocrx_word' id='word_1_141' title='bbox 818 1891 882 1949; x_wconf 91' lang='lat' dir='ltr'>fieri</span> <span class='ocrx_word' id='word_1_142' title='bbox 909 1892 1051 1952; x_wconf 77' lang='lat' dir='ltr'>uidentur</span> <span class='ocrx_word' id='word_1_143' title='bbox 1077 1891 1120 1952; x_wconf 89' lang='lat' dir='ltr'>uti</span> 
     </span>
     <span class='ocr_line' id='line_1_21' title="bbox 111 1971 1161 2061; baseline 0.007 -27"><span class='ocrx_word' id='word_1_144' title='bbox 111 1980 225 2052; x_wconf 89' lang='lat' dir='ltr'>quanta</span> <span class='ocrx_word' id='word_1_145' title='bbox 248 1977 405 2036; x_wconf 88' lang='lat' dir='ltr'>altitudine</span> <span class='ocrx_word' id='word_1_146' title='bbox 429 1979 582 2038; x_wconf 90' lang='lat' dir='ltr'>columnae</span> <span class='ocrx_word' id='word_1_147' title='bbox 604 1978 717 2037; x_wconf 87' lang='lat' dir='ltr'>fuerint</span> <span class='ocrx_word' id='word_1_148' title='bbox 739 1971 917 2061; x_wconf 67' lang='lat' dir='ltr'>exteriolres,</span> <span class='ocrx_word' id='word_1_149' title='bbox 939 1983 1059 2041; x_wconf 89' lang='lat' dir='ltr'>tantam</span> <span class='ocrx_word' id='word_1_150' title='bbox 1079 1982 1161 2041; x_wconf 70' lang='lat' dir='ltr'>la-uo</span> 
     </span>
     <span class='ocr_line' id='line_1_22' title="bbox 111 2065 1119 2142; baseline 0.007 -19"><span class='ocrx_word' id='word_1_151' title='bbox 111 2065 269 2124; x_wconf 88' lang='lat' dir='ltr'>titudinem</span> <span class='ocrx_word' id='word_1_152' title='bbox 296 2067 426 2125; x_wconf 90' lang='lat' dir='ltr'>habeant</span> <span class='ocrx_word' id='word_1_153' title='bbox 454 2067 491 2125; x_wconf 92' lang='lat' dir='ltr'>ab</span> <span class='ocrx_word' id='word_1_154' title='bbox 518 2068 657 2127; x_wconf 85' lang='lat' dir='ltr'>inferiore</span> <span class='ocrx_word' id='word_1_155' title='bbox 684 2071 769 2142; x_wconf 88' lang='lat' dir='ltr'>parte</span> <span class='ocrx_word' id='word_1_156' title='bbox 797 2069 1000 2128; x_wconf 90' lang='lat' dir='ltr'>columnarum</span> <span class='ocrx_word' id='word_1_157' title='bbox 1029 2074 1119 2130; x_wconf 79' lang='lat' dir='ltr'>extre</span> 
     </span>
     <span class='ocr_line' id='line_1_23' title="bbox 110 2155 1119 2234; baseline 0.005 -21"><span class='ocrx_word' id='word_1_158' title='bbox 110 2174 226 2213; x_wconf 90' lang='lat' dir='ltr'>marum</span> <span class='ocrx_word' id='word_1_159' title='bbox 249 2156 287 2214; x_wconf 91' lang='lat' dir='ltr'>ad</span> <span class='ocrx_word' id='word_1_160' title='bbox 309 2155 423 2214; x_wconf 91' lang='lat' dir='ltr'>medias</span> <span class='ocrx_word' id='word_1_161' title='bbox 450 2159 480 2214; x_wconf 91' lang='lat' dir='ltr'>et</span> <span class='ocrx_word' id='word_1_162' title='bbox 503 2176 522 2215; x_wconf 89' lang='lat' dir='ltr'>a</span> <span class='ocrx_word' id='word_1_163' title='bbox 543 2155 688 2215; x_wconf 90' lang='lat' dir='ltr'>medianis</span> <span class='ocrx_word' id='word_1_164' title='bbox 711 2157 750 2214; x_wconf 91' lang='lat' dir='ltr'>ad</span> <span class='ocrx_word' id='word_1_165' title='bbox 772 2158 901 2233; x_wconf 88' lang='lat' dir='ltr'>parietes</span> <span class='ocrx_word' id='word_1_166' title='bbox 924 2160 977 2234; x_wconf 92' lang='lat' dir='ltr'>qui</span> <span class='ocrx_word' id='word_1_167' title='bbox 1000 2159 1119 2218; x_wconf 71' lang='lat' dir='ltr'>choum·</span> 
     </span>
     <span class='ocr_line' id='line_1_24' title="bbox 111 2243 1120 2319; baseline 0.006 -17"><span class='ocrx_word' id='word_1_168' title='bbox 111 2243 235 2302; x_wconf 91' lang='lat' dir='ltr'>cludunt</span> <span class='ocrx_word' id='word_1_169' title='bbox 256 2244 388 2319; x_wconf 87' lang='lat' dir='ltr'>porticus</span> <span class='ocrx_word' id='word_1_170' title='bbox 411 2245 634 2304; x_wconf 90' lang='lat' dir='ltr'>ambulationes.</span> <span class='ocrx_word' id='word_1_171' title='bbox 675 2246 830 2304; x_wconf 90' lang='lat' dir='ltr'>medianae</span> <span class='ocrx_word' id='word_1_172' title='bbox 849 2247 950 2305; x_wconf 93' lang='lat' dir='ltr'>autem</span> <span class='ocrx_word' id='word_1_173' title='bbox 967 2248 1120 2307; x_wconf 84' lang='lat' dir='ltr'>columnae</span> 
     </span>
     <span class='ocr_line' id='line_1_25' title="bbox 112 2333 1120 2409; baseline 0.005 -19"><span class='ocrx_word' id='word_1_174' title='bbox 112 2333 216 2408; x_wconf 86' lang='lat' dir='ltr'>quinta</span> <span class='ocrx_word' id='word_1_175' title='bbox 238 2336 325 2409; x_wconf 89' lang='lat' dir='ltr'>parte</span> <span class='ocrx_word' id='word_1_176' title='bbox 348 2334 469 2392; x_wconf 91' lang='lat' dir='ltr'>altiores</span> <span class='ocrx_word' id='word_1_177' title='bbox 493 2335 553 2392; x_wconf 91' lang='lat' dir='ltr'>sint</span> <span class='ocrx_word' id='word_1_178' title='bbox 576 2353 666 2409; x_wconf 92' lang='lat' dir='ltr'>quam</span> <span class='ocrx_word' id='word_1_179' title='bbox 689 2333 854 2409; x_wconf 84' lang='lat' dir='ltr'>exteriores,</span> <span class='ocrx_word' id='word_1_180' title='bbox 878 2336 930 2393; x_wconf 90' lang='lat' dir='ltr'>sed</span> <span class='ocrx_word' id='word_1_181' title='bbox 952 2340 1008 2396; x_wconf 89' lang='lat' dir='ltr'>aut</span> <span class='ocrx_word' id='word_1_182' title='bbox 1025 2337 1120 2397; x_wconf 88' lang='lat' dir='ltr'>ionico</span> 
     </span>
     <span class='ocr_line' id='line_1_26' title="bbox 77 2421 1150 2499; baseline 0.003 -17"><span class='ocrx_word' id='word_1_183' title='bbox 77 2424 165 2482; x_wconf 72' lang='lat' dir='ltr'>aaut</span> <span class='ocrx_word' id='word_1_184' title='bbox 201 2421 345 2481; x_wconf 91' lang='lat' dir='ltr'>corinthio</span> <span class='ocrx_word' id='word_1_185' title='bbox 377 2441 484 2499; x_wconf 86' lang='lat' dir='ltr'>genere</span> <span class='ocrx_word' id='word_1_186' title='bbox 520 2422 728 2481; x_wconf 84' lang='lat' dir='ltr'>deformentur.</span> <span class='ocrx_word' id='word_1_187' title='bbox 783 2425 987 2482; x_wconf 89' lang='lat' dir='ltr'>columnarum</span> <span class='ocrx_word' id='word_1_188' title='bbox 1020 2429 1150 2485; x_wconf 70' lang='lat' dir='ltr'>autem</span> 
     </span>
     <span class='ocr_line' id='line_1_27' title="bbox 113 2501 1159 2590; baseline 0.005 -23"><span class='ocrx_word' id='word_1_189' title='bbox 113 2501 117 2590; x_wconf 65' lang='lat' dir='ltr'>t</span> <span class='ocrx_word' id='word_1_190' title='bbox 137 2511 345 2585; x_wconf 90' lang='lat' dir='ltr'>proportiones</span> <span class='ocrx_word' id='word_1_191' title='bbox 373 2513 403 2569; x_wconf 92' lang='lat' dir='ltr'>et</span> <span class='ocrx_word' id='word_1_192' title='bbox 433 2511 620 2587; x_wconf 84' lang='lat' dir='ltr'>symmetriae</span> <span class='ocrx_word' id='word_1_193' title='bbox 644 2529 704 2570; x_wconf 91' lang='lat' dir='ltr'>non</span> <span class='ocrx_word' id='word_1_194' title='bbox 731 2516 817 2570; x_wconf 91' lang='lat' dir='ltr'>erunt</span> <span class='ocrx_word' id='word_1_195' title='bbox 839 2512 934 2570; x_wconf 88' lang='lat' dir='ltr'>isdem</span> <span class='ocrx_word' id='word_1_196' title='bbox 955 2514 1159 2574; x_wconf 75' lang='lat' dir='ltr'>rationibusdt</span> 
     </span>
     <span class='ocr_line' id='line_1_28' title="bbox 112 2598 1120 2674; baseline 0.007 -20"><span class='ocrx_word' id='word_1_197' title='bbox 112 2598 220 2673; x_wconf 90' lang='lat' dir='ltr'>quibus</span> <span class='ocrx_word' id='word_1_198' title='bbox 243 2598 274 2655; x_wconf 91' lang='lat' dir='ltr'>in</span> <span class='ocrx_word' id='word_1_199' title='bbox 298 2599 419 2658; x_wconf 90' lang='lat' dir='ltr'>aedibus</span> <span class='ocrx_word' id='word_1_200' title='bbox 448 2600 539 2658; x_wconf 89' lang='lat' dir='ltr'>sacris</span> <span class='ocrx_word' id='word_1_201' title='bbox 566 2600 679 2674; x_wconf 89' lang='lat' dir='ltr'>scripsi.</span> <span class='ocrx_word' id='word_1_202' title='bbox 724 2601 815 2659; x_wconf 89' lang='lat' dir='ltr'>aliam</span> <span class='ocrx_word' id='word_1_203' title='bbox 843 2600 921 2658; x_wconf 89' lang='lat' dir='ltr'>enirn</span> <span class='ocrx_word' id='word_1_204' title='bbox 943 2601 976 2660; x_wconf 92' lang='lat' dir='ltr'>in</span> <span class='ocrx_word' id='word_1_205' title='bbox 1001 2604 1120 2663; x_wconf 88' lang='lat' dir='ltr'>deorum</span> 
     </span>
     <span class='ocr_line' id='line_1_29' title="bbox 110 2686 1120 2765; baseline 0.007 -22"><span class='ocrx_word' id='word_1_206' title='bbox 110 2686 230 2761; x_wconf 88' lang='lat' dir='ltr'>templis</span> <span class='ocrx_word' id='word_1_207' title='bbox 254 2686 362 2746; x_wconf 90' lang='lat' dir='ltr'>debent</span> <span class='ocrx_word' id='word_1_208' title='bbox 383 2687 492 2746; x_wconf 90' lang='lat' dir='ltr'>habere</span> <span class='ocrx_word' id='word_1_209' title='bbox 515 2689 707 2764; x_wconf 79' lang='lat' dir='ltr'>gravitatem,</span> <span class='ocrx_word' id='word_1_210' title='bbox 736 2689 826 2747; x_wconf 89' lang='lat' dir='ltr'>aliam</span> <span class='ocrx_word' id='word_1_211' title='bbox 848 2689 880 2747; x_wconf 90' lang='lat' dir='ltr'>in</span> <span class='ocrx_word' id='word_1_212' title='bbox 904 2690 1071 2765; x_wconf 86' lang='lat' dir='ltr'>porticibus</span> <span class='ocrx_word' id='word_1_213' title='bbox 1093 2694 1120 2750; x_wconf 89' lang='lat' dir='ltr'>et</span> 
     </span>
    </p>
   </div>
   <div class='ocr_carea' id='block_1_4' title="bbox 110 2891 1120 3292">
    <p class='ocr_par' dir='ltr' id='par_1_5' title="bbox 110 2891 1120 3292">
     <span class='ocr_line' id='line_1_30' title="bbox 184 2891 1120 2978; baseline 0.009 -34"><span class='ocrx_word' id='word_1_214' title='bbox 184 2891 391 2962; x_wconf 80' lang='lat' dir='ltr'>ldesignentur</span> <span class='ocrx_word' id='word_1_215' title='bbox 405 2935 410 2946; x_wconf 94' lang='lat'>.</span> <span class='ocrx_word' id='word_1_216' title='bbox 426 2935 433 2946; x_wconf 88' lang='grc'><strong>.</strong></span> <span class='ocrx_word' id='word_1_217' title='bbox 449 2935 454 2947; x_wconf 93' lang='grc'><em>.</em></span> <span class='ocrx_word' id='word_1_218' title='bbox 470 2891 595 2947; x_wconf 86' lang='lat' dir='ltr'>habeant</span> <span class='ocrx_word' id='word_1_219' title='bbox 605 2893 673 2948; x_wconf 83' lang='lat' dir='ltr'>HS:</span> <span class='ocrx_word' id='word_1_220' title='bbox 689 2893 892 2976; x_wconf 71' lang='lat' dir='ltr'>designantur.</span> <span class='ocrx_word' id='word_1_221' title='bbox 908 2936 914 2949; x_wconf 90' lang='lat'>.</span> <span class='ocrx_word' id='word_1_222' title='bbox 931 2938 936 2948; x_wconf 93' lang='lat'>.</span> <span class='ocrx_word' id='word_1_223' title='bbox 951 2893 1120 2978; x_wconf 72' lang='lat' dir='ltr'>habentG.ss</span> 
     </span>
     <span class='ocr_line' id='line_1_31' title="bbox 111 2961 1120 3035; baseline 0.006 -21"><span class='ocrx_word' id='word_1_224' title='bbox 111 2968 127 3014; x_wconf 79' lang='lat'><strong>2</strong></span> <span class='ocrx_word' id='word_1_225' title='bbox 146 2961 235 3016; x_wconf 89' lang='lat' dir='ltr'>latine</span> <span class='ocrx_word' id='word_1_226' title='bbox 254 2965 293 3035; x_wconf 60' lang='lat' dir='ltr'>(q</span> <span class='ocrx_word' id='word_1_227' title='bbox 311 2964 357 3032; x_wconf 68' lang='lat'>6⁶)</span> <span class='ocrx_word' id='word_1_228' title='bbox 374 2963 487 3031; x_wconf 82' lang='lat' dir='ltr'>ruribus</span> <span class='ocrx_word' id='word_1_229' title='bbox 502 2981 530 3018; x_wconf 78' lang='lat' dir='ltr'>x.</span> <span class='ocrx_word' id='word_1_230' title='bbox 557 2965 567 3033; x_wconf 80' lang='grc' dir='ltr'>ΙΙ</span> <span class='ocrx_word' id='word_1_231' title='bbox 594 2969 610 3017; x_wconf 88' lang='grc'>8</span> <span class='ocrx_word' id='word_1_232' title='bbox 629 2964 766 3018; x_wconf 85' lang='lat' dir='ltr'>eumenicr</span> <span class='ocrx_word' id='word_1_233' title='bbox 784 2964 912 3035; x_wconf 64' lang='lat' dir='ltr'>Hsfflv),</span> <span class='ocrx_word' id='word_1_234' title='bbox 931 2981 997 3020; x_wconf 89' lang='lat' dir='ltr'>eum</span> <span class='ocrx_word' id='word_1_235' title='bbox 1014 2983 1120 3022; x_wconf 89' lang='lat' dir='ltr'>menecr</span> 
     </span>
     <span class='ocr_line' id='line_1_32' title="bbox 113 3032 1119 3106; baseline 0.005 -18"><span class='ocrx_word' id='word_1_236' title='bbox 113 3033 145 3088; x_wconf 76' lang='lat' dir='ltr'>G.</span> <span class='ocrx_word' id='word_1_237' title='bbox 163 3037 167 3103; x_wconf 78' lang='grc' dir='ltr'>Ι</span> <span class='ocrx_word' id='word_1_238' title='bbox 183 3032 280 3087; x_wconf 88' lang='lat' dir='ltr'>fanum</span> <span class='ocrx_word' id='word_1_239' title='bbox 294 3035 366 3104; x_wconf 56' lang='lat' dir='ltr'>(stop</span> <span class='ocrx_word' id='word_1_240' title='bbox 380 3035 415 3099; x_wconf 75' lang='lat' dir='ltr'>cf.</span> <span class='ocrx_word' id='word_1_241' title='bbox 427 3034 575 3103; x_wconf 75' lang='lat' dir='ltr'>Dtrpfeld:</span> <span class='ocrx_word' id='word_1_242' title='bbox 592 3035 788 3106; x_wconf 73' lang='lat' dir='ltr'>Mitteiluooyeo</span> <span class='ocrx_word' id='word_1_243' title='bbox 801 3036 847 3090; x_wconf 81' lang='lat' dir='ltr'>des</span> <span class='ocrx_word' id='word_1_244' title='bbox 860 3037 932 3090; x_wconf 80' lang='lat' dir='ltr'>orob.</span> <span class='ocrx_word' id='word_1_245' title='bbox 943 3037 1013 3093; x_wconf 80' lang='lat' dir='ltr'>Inst.</span> <span class='ocrx_word' id='word_1_246' title='bbox 1024 3039 1119 3095; x_wconf 66' lang='lat' dir='ltr'>aum.</span> 
     </span>
     <span class='ocr_line' id='line_1_33' title="bbox 110 3104 1118 3178; baseline 0.006 -20"><span class='ocrx_word' id='word_1_247' title='bbox 110 3104 175 3160; x_wconf 80' lang='lat' dir='ltr'>Act.</span> <span class='ocrx_word' id='word_1_248' title='bbox 191 3106 277 3159; x_wconf 92' lang='lat' dir='ltr'><strong><em>XIII</em></strong></span> <span class='ocrx_word' id='word_1_249' title='bbox 286 3107 391 3174; x_wconf 87' lang='grc'>(1888),</span> <span class='ocrx_word' id='word_1_250' title='bbox 408 3109 469 3160; x_wconf 80' lang='lat'><strong><em>102.</em></strong></span> <span class='ocrx_word' id='word_1_251' title='bbox 493 3107 502 3176; x_wconf 89' lang='grc' dir='ltr'>ΙΙ</span> <span class='ocrx_word' id='word_1_252' title='bbox 526 3111 559 3158; x_wconf 90' lang='grc'>10</span> <span class='ocrx_word' id='word_1_253' title='bbox 577 3105 652 3159; x_wconf 89' lang='lat' dir='ltr'>milis</span> <span class='ocrx_word' id='word_1_254' title='bbox 670 3124 698 3162; x_wconf 77' lang='lat' dir='ltr'>a.</span> <span class='ocrx_word' id='word_1_255' title='bbox 716 3108 719 3176; x_wconf 67' lang='lat' dir='ltr'>l</span> <span class='ocrx_word' id='word_1_256' title='bbox 736 3105 875 3160; x_wconf 91' lang='lat' dir='ltr'>antemnis</span> <span class='ocrx_word' id='word_1_257' title='bbox 893 3108 960 3176; x_wconf 75' lang='lat' dir='ltr'>(aon</span> <span class='ocrx_word' id='word_1_258' title='bbox 979 3109 1118 3178; x_wconf 75' lang='lat' dir='ltr'>antennis)</span> 
     </span>
     <span class='ocr_line' id='line_1_34' title="bbox 111 3175 1119 3292; baseline 0.005 -62"><span class='ocrx_word' id='word_1_259' title='bbox 111 3178 258 3230; x_wconf 80' lang='lat' dir='ltr'>sicumare</span> <span class='ocrx_word' id='word_1_260' title='bbox 277 3175 524 3246; x_wconf 79' lang='lat' dir='ltr'>(GHSLPclcb)</span> <span class='ocrx_word' id='word_1_261' title='bbox 543 3178 624 3231; x_wconf 79' lang='lat' dir='ltr'>etiam</span> <span class='ocrx_word' id='word_1_262' title='bbox 638 3194 667 3246; x_wconf 80' lang='lat' dir='ltr'>p.</span> <span class='ocrx_word' id='word_1_263' title='bbox 682 3181 746 3245; x_wconf 77' lang='lat'>254,</span> <span class='ocrx_word' id='word_1_264' title='bbox 758 3181 782 3231; x_wconf 82' lang='lat'>7.</span> <span class='ocrx_word' id='word_1_265' title='bbox 801 3179 810 3246; x_wconf 79' lang='grc'>11</span> <span class='ocrx_word' id='word_1_266' title='bbox 830 3183 862 3230; x_wconf 82' lang='lat'>13</span> <span class='ocrx_word' id='word_1_267' title='bbox 885 3194 1016 3246; x_wconf 83' lang='lat' dir='ltr'>smyrnae</span> <span class='ocrx_word' id='word_1_268' title='bbox 1036 3179 1119 3292; x_wconf 57' lang='lat' dir='ltr'>(ies)</span> 
     </span>
    </p>
   </div>
   <div class='ocr_carea' id='block_1_5' title="bbox 111 3281 1121 3566">
    <p class='ocr_par' dir='ltr' id='par_1_6' title="bbox 111 3281 1121 3566">
     <span class='ocr_line' id='line_1_35' title="bbox 111 3281 1121 3354; baseline 0.003 -18"><span class='ocrx_word' id='word_1_269' title='bbox 111 3281 175 3349; x_wconf 84' lang='lat' dir='ltr'>Hs,</span> <span class='ocrx_word' id='word_1_270' title='bbox 194 3281 296 3336; x_wconf 87' lang='lat' dir='ltr'>smirne</span> <span class='ocrx_word' id='word_1_271' title='bbox 311 3282 345 3337; x_wconf 79' lang='lat' dir='ltr'>G.</span> <span class='ocrx_word' id='word_1_272' title='bbox 367 3283 402 3349; x_wconf 82' lang='lat' dir='ltr'>cs.</span> <span class='ocrx_word' id='word_1_273' title='bbox 414 3299 443 3350; x_wconf 82' lang='lat' dir='ltr'>p.</span> <span class='ocrx_word' id='word_1_274' title='bbox 458 3286 547 3351; x_wconf 76' lang='grc'>85,11</span> <span class='ocrx_word' id='word_1_275' title='bbox 566 3289 613 3337; x_wconf 82' lang='lat' dir='ltr'>etc.</span> <span class='ocrx_word' id='word_1_276' title='bbox 635 3284 639 3354; x_wconf 82' lang='grc' dir='ltr'>Ι</span> <span class='ocrx_word' id='word_1_277' title='bbox 661 3282 869 3338; x_wconf 72' lang='lat' dir='ltr'>strationiceum</span> <span class='ocrx_word' id='word_1_278' title='bbox 888 3283 924 3354; x_wconf 89' lang='lat' dir='ltr'>(si</span> <span class='ocrx_word' id='word_1_279' title='bbox 941 3285 1054 3344; x_wconf 83' lang='lat' dir='ltr'>ratione</span> <span class='ocrx_word' id='word_1_280' title='bbox 1072 3289 1121 3341; x_wconf 71' lang='lat' dir='ltr'>eeu</span> 
     </span>
     <span class='ocr_line' id='line_1_36' title="bbox 111 3352 1120 3426; baseline 0.002 -18"><span class='ocrx_word' id='word_1_281' title='bbox 111 3352 139 3420; x_wconf 75' lang='lat' dir='ltr'>S,</span> <span class='ocrx_word' id='word_1_282' title='bbox 158 3352 255 3407; x_wconf 88' lang='lat' dir='ltr'>siratio</span> <span class='ocrx_word' id='word_1_283' title='bbox 273 3352 384 3407; x_wconf 90' lang='lat' dir='ltr'>niceum</span> <span class='ocrx_word' id='word_1_284' title='bbox 400 3354 436 3421; x_wconf 77' lang='lat' dir='ltr'>G)</span> <span class='ocrx_word' id='word_1_285' title='bbox 454 3370 481 3409; x_wconf 81' lang='lat' dir='ltr'>a.</span> <span class='ocrx_word' id='word_1_286' title='bbox 505 3354 509 3424; x_wconf 72' lang='grc' dir='ltr'>Ι</span> <span class='ocrx_word' id='word_1_287' title='bbox 532 3353 660 3408; x_wconf 84' lang='lat' dir='ltr'>trabibus</span> <span class='ocrx_word' id='word_1_288' title='bbox 677 3354 740 3422; x_wconf 83' lang='lat' dir='ltr'>HS,</span> <span class='ocrx_word' id='word_1_289' title='bbox 758 3353 887 3408; x_wconf 90' lang='lat' dir='ltr'>tradibus</span> <span class='ocrx_word' id='word_1_290' title='bbox 906 3354 939 3409; x_wconf 76' lang='lat' dir='ltr'>G.</span> <span class='ocrx_word' id='word_1_291' title='bbox 962 3357 967 3426; x_wconf 89' lang='grc' dir='ltr'>Ι</span> <span class='ocrx_word' id='word_1_292' title='bbox 990 3360 1074 3426; x_wconf 84' lang='lat' dir='ltr'>parte</span> <span class='ocrx_word' id='word_1_293' title='bbox 1090 3358 1120 3411; x_wconf 88' lang='lat' dir='ltr'>ut</span> 
     </span>
     <span class='ocr_line' id='line_1_37' title="bbox 112 3423 1120 3499; baseline 0.01 -24"><span class='ocrx_word' id='word_1_294' title='bbox 112 3438 211 3478; x_wconf 87' lang='lat' dir='ltr'>scaene</span> <span class='ocrx_word' id='word_1_295' title='bbox 226 3426 276 3493; x_wconf 86' lang='lat' dir='ltr'>(H,</span> <span class='ocrx_word' id='word_1_296' title='bbox 290 3424 375 3498; x_wconf 72' lang='lat' dir='ltr'>skqnq</span> <span class='ocrx_word' id='word_1_297' title='bbox 391 3423 419 3492; x_wconf 82' lang='lat' dir='ltr'>S,</span> <span class='ocrx_word' id='word_1_298' title='bbox 433 3441 514 3479; x_wconf 89' lang='lat' dir='ltr'>scene</span> <span class='ocrx_word' id='word_1_299' title='bbox 531 3426 566 3494; x_wconf 78' lang='lat' dir='ltr'>G)</span> <span class='ocrx_word' id='word_1_300' title='bbox 580 3442 607 3479; x_wconf 83' lang='lat' dir='ltr'>x.</span> <span class='ocrx_word' id='word_1_301' title='bbox 622 3427 631 3495; x_wconf 79' lang='grc' dir='ltr'>ΙΙ</span> <span class='ocrx_word' id='word_1_302' title='bbox 646 3431 679 3479; x_wconf 90' lang='grc'>18</span> <span class='ocrx_word' id='word_1_303' title='bbox 694 3425 895 3480; x_wconf 82' lang='lat' dir='ltr'>modulationis</span> <span class='ocrx_word' id='word_1_304' title='bbox 910 3426 943 3482; x_wconf 82' lang='lat' dir='ltr'>S:</span> <span class='ocrx_word' id='word_1_305' title='bbox 958 3444 1021 3482; x_wconf 92' lang='lat' dir='ltr'>-nes</span> <span class='ocrx_word' id='word_1_306' title='bbox 1036 3428 1101 3485; x_wconf 78' lang='lat' dir='ltr'>HG.</span> <span class='ocrx_word' id='word_1_307' title='bbox 1110 3426 1120 3499; x_wconf 75' lang='grc' dir='ltr'>ΙΙ</span> 
     </span>
     <span class='ocr_line' id='line_1_38' title="bbox 112 3493 1118 3566; baseline 0.007 -20"><span class='ocrx_word' id='word_1_308' title='bbox 112 3499 145 3547; x_wconf 78' lang='lat'>20</span> <span class='ocrx_word' id='word_1_309' title='bbox 165 3493 286 3550; x_wconf 89' lang='lat' dir='ltr'>altitudo</span> <span class='ocrx_word' id='word_1_310' title='bbox 300 3512 327 3550; x_wconf 82' lang='lat' dir='ltr'>a.</span> <span class='ocrx_word' id='word_1_311' title='bbox 344 3498 349 3565; x_wconf 80' lang='grc' dir='ltr'>Ι</span> <span class='ocrx_word' id='word_1_312' title='bbox 365 3495 449 3549; x_wconf 89' lang='lat' dir='ltr'>fuerit</span> <span class='ocrx_word' id='word_1_313' title='bbox 460 3513 488 3552; x_wconf 74' lang='lat' dir='ltr'>a.</span> <span class='ocrx_word' id='word_1_314' title='bbox 502 3497 511 3566; x_wconf 81' lang='lat' dir='ltr'>l</span> <span class='ocrx_word' id='word_1_315' title='bbox 526 3501 560 3549; x_wconf 78' lang='lat'>25</span> <span class='ocrx_word' id='word_1_316' title='bbox 580 3497 674 3550; x_wconf 88' lang='lat' dir='ltr'>autem</span> <span class='ocrx_word' id='word_1_317' title='bbox 691 3497 728 3552; x_wconf 78' lang='lat' dir='ltr'>G:</span> <span class='ocrx_word' id='word_1_318' title='bbox 748 3515 797 3552; x_wconf 76' lang='lat' dir='ltr'>our.</span> <span class='ocrx_word' id='word_1_319' title='bbox 813 3496 876 3552; x_wconf 82' lang='lat' dir='ltr'>HS.</span> <span class='ocrx_word' id='word_1_320' title='bbox 891 3497 901 3566; x_wconf 85' lang='grc' dir='ltr'>ΙΙ</span> <span class='ocrx_word' id='word_1_321' title='bbox 915 3502 949 3552; x_wconf 81' lang='lat'>26</span> <span class='ocrx_word' id='word_1_322' title='bbox 967 3497 1081 3555; x_wconf 82' lang='lat' dir='ltr'>hisdem</span> <span class='ocrx_word' id='word_1_323' title='bbox 1092 3516 1118 3555; x_wconf 79' lang='lat' dir='ltr'>a.</span> 
     </span>
    </p>
   </div>
   <div class='ocr_carea' id='block_1_6' title="bbox 0 0 1215 3922">
    <p class='ocr_par' dir='ltr' id='par_1_7' title="bbox 0 0 1215 3922">
     <span class='ocr_line' id='line_1_39' title="bbox 0 0 1215 3922; baseline 0 0"><span class='ocrx_word' id='word_1_324' title='bbox 0 0 1215 3922; x_wconf 95' lang='lat' dir='ltr'> </span> 
     </span>
    </p>
   </div>
  </div>
 </body>
</html>
