2416 3922
311 178 361 234 DE
380 178 660 235 ARCHITECTURA
677 180 744 235 ΠΒ.
763 179 810 249 VI,
830 187 854 234 1.
874 186 889 233 2
1044 180 1105 246 137

91 327 204 390 landes.
240 329 342 406 itaque
361 330 496 390 consiliis
510 329 648 408 refringit
665 330 860 390 barbarorum
877 331 1013 405 virtutes,
1033 331 1106 391 forti

47 425 82 480 11⁰)
91 435 185 477 manu
206 418 447 478 meridianomnn-
461 418 665 496 cogitetiones.
686 414 697 497 Ι
710 420 754 477 ita
777 419 878 479 divina
900 437 983 479 mens
1002 420 1106 479 civita·

90 509 154 567 mm
179 507 285 582 populi
307 507 436 566 Romani
464 507 584 585 egregia
610 509 836 584 temperataque
864 509 984 585 regione
1007 509 1107 568 conlo

91 595 180 672 cavit,
203 595 251 655 uti
272 595 352 654 orbis
374 598 523 655 terrarum
545 596 664 671 imperii
680 598 834 673 potiretur.
872 597 978 673 quodsi
996 597 1041 656 ita
1060 601 1106 657 est
1125 612 1157 660 12

65 684 139 744 suti
160 682 319 745 dissimiles
342 684 477 762 regiones
498 683 536 743 ab
553 683 795 745 inclinationibus
815 686 890 744 caeli
908 686 999 745 variis
1017 705 1106 764 gene

89 771 173 832 ribus
196 772 258 832 sint
280 776 482 849 comparatae,
505 775 539 830 ut
562 774 654 832 etiam
675 776 800 833 naturae
824 775 957 851 gentium
980 775 1105 850 dispari·

49 871 80 924 1⁵)
89 859 149 920 bus
165 861 273 921 animis
287 864 317 921 et
335 879 492 937 corporum
509 861 614 938 figuris
628 862 883 939 qualitatibusque
897 855 1106 945 miscerentur,

89 967 156 1009 non·
174 949 344 1010 dubitemus
367 949 568 1010 aedificiorum
591 969 710 1027 quoque
733 951 865 1010 rationes
888 951 926 1010 ad
949 953 1106 1012 nationum

89 1039 285 1116 gentiumque
311 1038 511 1115 proprietates
539 1042 613 1114 apte.
635 1039 827 1114 distribuere,
853 1059 920 1100 oum
942 1040 1106 1101 habeamus

51 1145 76 1186 ro
90 1127 211 1204 abipsa
223 1146 323 1187 rerum
336 1130 443 1187 natura
458 1127 608 1188 sollertem
622 1131 652 1186 et
667 1128 835 1203 expeditam
849 1129 1103 1188 monstrationem.

96 1261 99 1265 -
158 1214 263 1285 Quoad
288 1217 375 1292 potui
402 1235 524 1276 summa
544 1217 660 1275 ratione
687 1217 885 1292 proprietates
908 1217 1043 1276 locorum
1066 1217 1103 1276 ab

48 1295 210 1386 ²⁰)naltma
235 1323 335 1364 rerum
357 1304 516 1381 dispositae
545 1304 780 1364 animadvertere
803 1305 928 1380 exposui
950 1308 980 1364 et
1004 1324 1105 1381 quem·

89 1392 253 1454 admodum
279 1393 317 1452 ad
343 1393 415 1453 solia
443 1412 562 1452 cursum
584 1396 614 1453 et
636 1394 844 1454 inclinationes
868 1395 943 1453 caeli
966 1397 1107 1470 oporteat

90 1481 129 1541 ad
151 1482 287 1560 gendum
308 1481 417 1559 figuras
437 1482 615 1542 constituere
634 1483 835 1542 aedificiorum
854 1483 1016 1559 qualitates
1034 1483 1104 1541 dixi.
1137 1492 1140 1507 ·

50 1589 76 1630 rs
88 1571 199 1646 itaque
220 1591 298 1630 nunc
327 1571 511 1648 stagnorum
534 1591 677 1648 generum
698 1571 731 1630 in
753 1571 895 1631 aedificiis
918 1590 1103 1632 commensus

88 1659 331 1735 symmetriarum
353 1663 384 1718 et
401 1660 554 1719 universos
574 1663 603 1718 et
622 1663 776 1736 separatos
793 1660 924 1719 breviter
941 1660 1104 1736 explicabo.

47 1759 79 1809 ²⁵)
159 1739 277 1829 {Nulla
295 1747 456 1809 architecto
480 1749 576 1808 maior
593 1768 664 1808 eura
687 1768 751 1808 osse
774 1749 860 1808 debet
886 1749 946 1808 nisi
967 1751 1014 1808 uti
1035 1759 1144 1826 pro-11

88 1836 277 1912 portionibus
309 1839 393 1895 ratae
425 1838 520 1912 perti-s
551 1837 681 1896 habeant
713 1837 848 1897 aedificia
878 1839 1029 1899 rationum
1057 1857 1105 1897 ex-

89 1925 232 1985 actiones.
277 1943 346 1984 cum
368 1945 437 2003 ergo
461 1926 624 1986 constituta
647 1927 889 2002 symmetriarum
910 1927 990 1986 ratio
1012 1927 1104 1986 fuerit

47 2017 120 2078 root
144 2032 328 2074 commensus
349 2008 651 2092 {ratiocinationibus
674 2016 821 2090 explicati,
844 2019 908 2074 tum
927 2017 1020 2076 etiarn
1037 2035 1104 2075 acu-

49 2123 75 2162 ar
88 2102 180 2162 minis
208 2105 254 2162 est
281 2103 436 2179 proprium
457 2103 613 2178 providere
636 2103 675 2162 ad
697 2106 837 2162 naturam
858 2103 918 2161 loci
940 2106 993 2162 aut
1015 2122 1102 2163 usum

89 2194 145 2250 aut
167 2191 297 2267 speciem
320 2189 380 2268 <et
394 2191 625 2251 detractionibus
653 2190 727 2268 aut>
750 2191 964 2250 adiectionibus
991 2195 1103 2267 tempe-

88 2283 208 2339 raturas
233 2279 358 2355 efficere,
380 2299 447 2339 cum
469 2280 505 2339 de
529 2281 702 2356 symmetria
725 2280 765 2340 sit
788 2280 954 2338 detractum
977 2281 1030 2338 aut
1053 2280 1104 2338 ad-

50 2378 80 2432 (a)
89 2369 210 2443 iactum,
232 2369 279 2428 uti
299 2368 332 2426 id
353 2370 491 2428 videatur
516 2373 596 2428 recte
624 2387 686 2431 esee
707 2363 711 2448 Ι
731 2371 894 2427 formatum
914 2368 949 2427 in
970 2371 1104 2443 aspectu·

50 2477 77 2519 aa
90 2476 149 2534 que
171 2457 248 2516 nihil
274 2457 464 2517 desideretur.
510 2458 572 2516 alia
599 2457 678 2516 enim
700 2458 739 2516 ad
761 2476 883 2517 manum
906 2456 1019 2532 speeies
1041 2471 1138 2518 essee

89 2546 217 2621 videtur,
241 2546 302 2604 alia
323 2546 357 2604 in
380 2547 502 2620 excelso,
525 2565 585 2606 non
608 2547 711 2606 eadem
731 2546 764 2606 in
781 2547 929 2620 concluso,
951 2545 1104 2605 dissimilis

88 2635 124 2694 in
146 2637 258 2710 aperto,
280 2635 313 2693 in
336 2634 443 2710 quibua
464 2635 567 2712 magni
588 2635 692 2694 iudicii
714 2637 760 2694 est
782 2653 872 2710 opera
891 2634 964 2710 quid
984 2635 1105 2694 tandem

89 2723 132 2784 sit
153 2723 334 2782 faciundum.
369 2743 430 2784 non
453 2724 531 2782 enim
553 2743 639 2785 veros
661 2723 780 2783 videtur
801 2723 910 2782 habere
932 2723 1012 2783 visus
1037 2724 1103 2783 effe-

47 2824 79 2874 1⁰)
89 2815 170 2887 otras,
197 2811 249 2871 sed
275 2812 392 2870 fallitur
418 2812 535 2888 saepius
558 2813 668 2872 iudicio
692 2812 728 2871 ab
752 2831 786 2872 eo
809 2831 901 2871 mens,
930 2807 934 2891 Ι
964 2812 1103 2888 quemad·

49 2921 75 2962 oo
89 2900 214 2961 modum
235 2900 327 2959 etiam
348 2901 382 2959 in
403 2902 517 2960 scaenis
540 2901 629 2977 pictis
647 2901 787 2962 videntur
809 2901 1015 2960 columnarum
1036 2920 1103 2976 pro·

162 3110 179 3159 2
202 3121 301 3159 manua
329 3121 415 3160 manu
437 3103 562 3160 consiliis
584 3123 606 3160 a·
628 3107 692 3175 (pro
714 3108 831 3175 repetito
852 3106 1017 3176 praecedm
1039 3121 1104 3158 oon-

91 3174 164 3231 siliis
183 3177 252 3231 dolat
270 3176 326 3244 6⁶).
353 3177 364 3246 ll
390 3181 405 3229 3
424 3175 523 3246 populi
540 3175 650 3230 romani
668 3175 736 3232 HS:
759 3176 869 3231 romani
891 3175 990 3247 populi
1009 3176 1076 3230 EG.
1099 3176 1103 3247 t

91 3245 276 3373 sgreffiiabnffi)
294 3247 773 3372 ωᾚθταὲαω-(Ἒιιέτθςίοη-ωιὲἑ)
791 3265 820 3302 a.
842 3249 853 3317 ΙΙ
875 3245 1022 3372 4ίῃρὲήὶ
1035 3246 1104 3373 Ηὲῖε

91 3334 173 3444 'riis
185 3318 639 3460 nelle>¹ss²tt¹¹lbit1luult
653 3335 721 3445 lib
737 3319 781 3444 d
793 3319 1105 3460 pellgssessnppdetpgffibp

91 3459 177 3515 nibus
196 3461 247 3514 aut
265 3476 316 3515 om.
330 3476 358 3515 a.
386 3462 395 3530 {t
423 3465 457 3513 25
476 3459 582 3529 species
601 3476 631 3514 se
649 3477 675 3514 v.
690 3460 729 3515 Η.
756 3463 768 3530 u
793 3466 827 3514 28
846 3459 1010 3516 faciundum
1028 3459 1063 3515 H
1066 3459 1104 3515 G:

92 3530 183 3584 -endu
196 3529 224 3586 S.
247 3532 258 3601 ss
280 3536 314 3584 30
334 3530 424 3604 scenis
441 3532 479 3587 G:
498 3533 575 3605 cae(p
590 3530 669 3602 S)nis
684 3530 747 3588 Hs.
