2416 3922
325 163 372 218 DE
390 162 669 219 ARCHITECTURA
687 163 753 218 LIB.
773 164 845 232 VIII,
865 170 879 218 1
1043 165 1107 230 183

51 326 83 378 (5)
94 333 176 415 aqua
197 309 202 392 Ι
223 313 261 372 ad
278 315 424 390 templum
442 314 603 390 aedemque
622 318 704 373 easta
721 315 864 392 religione
882 316 1018 390 refertur,
1035 318 1107 375 tunc

92 404 126 461 in
159 406 242 462 terra
272 403 497 479 procumbentes
528 403 666 463 manibus
698 404 737 462 ad
764 405 880 462 caelum
907 405 1070 464 sublatis
1062 426 1106 464 1n-

92 493 245 552 vention'u
269 493 381 568 gratias
404 495 498 568 agrmt
521 493 637 550 divinae
659 492 846 569 benignitati

164 579 240 640 (lum
267 599 336 657 ergo
364 584 394 639 et
421 600 440 638 a
464 581 593 656 physicis
622 583 652 639 et
678 581 863 657 philosophis
891 583 921 640 et
948 581 985 639 ab
1013 600 1106 641 sacer·

67 669 217 732 adotibus
239 669 387 728 iudicetur
409 689 444 728 ex
466 671 616 744 potestate
642 688 738 745 aquae
762 688 862 729 omnes
889 689 935 729 res
964 674 1108 744 constare,

47 769 84 822 110)
93 759 204 834 putavi
224 749 228 839 l
249 759 390 833 quoniam
412 759 444 816 in
461 757 608 834 prioribus
627 761 742 834 septem
758 759 958 818 voluminibus
977 760 1107 818 ratIones

95 846 300 906 aedificiorum
331 849 402 905 sunt
433 848 596 922 expositae,
628 848 659 905 in
690 848 746 906 hoc
777 851 914 922 oportere
941 849 977 906 de
1006 849 1107 907 inven-

93 935 229 996 tionibus
266 953 361 1010 aquae
397 954 530 1011 quasque
566 935 674 994 habeat
709 937 742 993 in
776 937 909 994 locorum
943 937 1107 1012 proprieta-

94 1024 179 1084 tibus
214 1025 340 1083 virtutes
378 1024 542 1099 quibusque
577 1023 742 1083 rationibus
779 1025 905 1084 ducatur
941 1028 972 1084 et
1008 1045 1107 1101 quem·

54 1135 81 1174 ro
95 1113 257 1172 admodum
280 1115 349 1173 ante
370 1113 514 1188 probetur
532 1113 665 1172 scribere.
703 1116 748 1172 est
766 1115 843 1171 euim
864 1115 991 1172 maxime
1009 1133 1106 1173 neces-

47 1214 85 1265 115)
96 1204 178 1262 saria
215 1204 245 1260 et
281 1202 319 1260 ad
349 1203 443 1261 vitam
476 1204 506 1261 et
542 1201 580 1259 ad
617 1201 827 1261 delectatIones
852 1195 856 1283 l
882 1205 912 1260 et
948 1203 986 1260 ad
1021 1221 1108 1261 usum

96 1290 289 1350 cotidianum.

165 1380 211 1438 Ea
246 1381 346 1437 antem
383 1379 441 1436 erit
475 1378 603 1454 facilior,
641 1378 666 1438 si
698 1383 785 1438 erunt
820 1380 918 1438 fontes
951 1380 1047 1454 aperti
1078 1383 1135 1443 etl

96 1469 233 1527 fluentes.
278 1469 325 1526 sin
352 1469 455 1526 autem
481 1487 541 1526 non
568 1468 728 1543 profluent,
756 1469 924 1543 quaerenda
950 1469 1108 1527 subterra

56 1577 83 1618 ιι
97 1560 169 1616 sunt
191 1557 291 1631 capita
314 1559 344 1614 et
367 1555 540 1632 colligenda.
587 1575 663 1631 quae
690 1556 733 1616 sic
755 1561 842 1615 erunt
864 1557 1040 1632 experienda
1062 1559 1108 1615 uti

96 1644 310 1721 procumbatur
336 1646 368 1702 in
395 1645 498 1703 dentes
526 1648 686 1719 antequam
715 1646 759 1704 sol
792 1649 909 1705 exortus
941 1647 1044 1721 fuerit,
1076 1647 1108 1704 in

47 1735 172 1796 colocis
192 1733 299 1808 quibus
318 1733 375 1792 erit
395 1728 398 1811 l
420 1733 629 1808 quaerendum,
648 1736 678 1792 et
695 1734 825 1793 interra
842 1737 941 1794 mento
956 1735 1108 1794 conlocato

98 1826 130 1882 et
151 1823 230 1880 fiilto
252 1822 471 1897 prospiciantur
494 1841 546 1880 eae
568 1824 712 1899 regiones.
751 1823 792 1882 sic
816 1826 895 1882 em'm
916 1842 976 1881 non
999 1823 1109 1882 errabit

98 1912 241 1970 excelsius
265 1929 355 1986 quam
375 1912 513 1985 oporteat
529 1912 619 1986 visua
643 1930 711 1969 oum
729 1912 786 1970 ortt
803 1913 950 1971 inmotum
966 1916 1108 1987 mentum,

56 2021 84 2061 ao
98 2000 152 2059 sed
174 1999 315 2058 libratam
337 1999 528 2057 altitudinem
550 2000 581 2057 in
603 2000 773 2077 regionibus
797 2004 878 2059 certa
902 2001 1036 2060 finitione
1060 2001 1108 2059 de

98 2088 239 2166 signabit.
289 2091 362 2146 tunc
393 2087 426 2146 in
453 2088 558 2163 quibus
590 2089 664 2148 locis
689 2089 868 2148 videbuntur
895 2107 1010 2148 umores
1041 2108 1108 2149 con·

47 2189 88 2241 aa)
99 2179 264 2253 crispantes
292 2177 377 2235 etin
404 2195 473 2235 aera
496 2168 672 2258 surgenltes,
698 2177 741 2234 ibi
763 2178 902 2236 fodiatur.
948 2177 1109 2237 nonenim

97 2267 130 2325 in
155 2267 233 2324 sicco
255 2265 320 2325 loco
342 2265 399 2323 hoc
421 2268 520 2340 potest
542 2267 659 2342 signum
680 2264 753 2324 fieri.

166 2355 244 2412 Item
275 2353 569 2412 animadvertendum
596 2357 640 2413 est
671 2353 880 2428 quaerentibus
913 2371 1022 2428 aquam
1050 2369 1143 2428 quoa

57 2464 83 2506 aa
98 2462 207 2520 genere
230 2443 290 2501 siut
313 2444 386 2501 loca.
424 2446 505 2501 certa
528 2444 606 2500 enim
629 2443 752 2500 suntin
776 2442 883 2517 quibus
901 2442 1039 2500 nascitur.
1077 2443 1109 2499 in

98 2535 183 2592 oreta
205 2532 303 2590 tenuis
326 2534 357 2589 et
380 2531 463 2590 exilis
488 2533 519 2589 et
540 2550 599 2589 non
623 2532 686 2589 alta
709 2534 754 2590 est
776 2531 870 2606 copia.
913 2550 947 2589 ea
970 2531 1027 2589 erIt
1049 2550 1108 2590 non

50 2631 87 2687 86
99 2621 214 2696 optimo
235 2614 239 2701 l
260 2639 373 2695 sapore.
409 2619 482 2677 item
500 2619 642 2678 sabulone
661 2621 758 2678 soluto
777 2619 874 2678 tenuis
892 2620 942 2678 sed
961 2620 1108 2678 inferioris

98 2710 160 2770 loci
181 2709 356 2768 invenietur.
402 2726 438 2766 ea
460 2709 517 2765 erit
539 2709 644 2767 limosa
668 2711 698 2766 et
719 2709 860 2767 insuavis,
904 2711 985 2766 terra
1008 2713 1108 2767 autem

99 2798 188 2876 nigra
207 2797 326 2856 sudores
346 2799 376 2855 et
395 2797 493 2855 stillae
507 2797 596 2855 exiles
614 2797 814 2871 inveniuntur,
832 2817 908 2873 quae
927 2817 962 2856 ex
979 2797 1108 2856 hibernis

57 2908 85 2949 ao
98 2885 328 2962 tempestatibus
351 2886 492 2945 collectae
514 2887 547 2942 in
565 2886 666 2961 spissis
685 2889 716 2944 et
733 2885 836 2945 solidis
853 2887 925 2945 locis
944 2885 1109 2945 subsidunt.

56 2976 174 3039 ‹arhaee
195 2969 199 3052 Ι
219 2974 330 3033 habent
358 2976 502 3049 optimum
529 2992 671 3050 saporem.
721 2976 823 3052 glarea
849 2993 919 3034 vero
948 2974 1109 3033 mediocres

173 3212 417 3269 2inventionibus
436 3213 486 3284 (-b,
500 3213 644 3284 anm
672 3216 683 3283 ll
708 3215 905 3270 tabHEG:
925 3212 984 3268 aS
1007 3215 1016 3282 ll
1040 3218 1055 3265 5
1075 3229 1109 3266 ex

99 3286 199 3342 EGS:
218 3285 294 3340 &H
317 3287 327 3356 ll
350 3285 483 3340 tinem
500 3285 609 3355 (ἔωσι
623 3286 674 3353 Ε).
696 3285 859 3354 {prioribus
879 3287 985 3354 septem
1000 3280 1108 3338 HEG:

100 3374 311 3500 titillat·II
325 3374 352 3429 ⁸
367 3376 427 3501 tt
442 3372 654 3500 &ltili-H
671 3363 769 3501 ”bb
783 3371 930 3498 mitt
922 3390 952 3426 ¹¹¹
969 3371 1086 3498 “das
1100 3371 1111 3443 l

100 3535 153 3573 ιι.
170 3462 241 3587 aa
268 3445 439 3570 artai
455 3446 517 3572 da
540 3461 599 3570 tt
609 3461 690 3586 ffel
712 3521 745 3568 31
764 3447 816 3569 tal
835 3446 1000 3587 afletai:
1018 3446 1110 3587 att).
