2416 3922
338 183 385 236 DE
404 181 684 237 ARCHITECTURA
702 182 767 235 LIB.
786 183 832 248 IX,
852 189 868 237 8
1044 182 1108 246 237

95 336 127 392 in
151 333 279 411 singulis
302 334 395 410 signis
419 333 465 391 sui
484 334 626 408 cuiusque
644 334 753 392 mensis
772 334 885 391 dierum
904 333 1018 390 numeri
1037 352 1111 391 cava

95 426 168 483 sunt
189 423 331 498 perfecta,
355 423 437 480 cuius
460 422 550 496 bulla,
575 441 650 496 quae
674 422 744 480 solis
767 423 928 498 imaginem
947 421 1110 498 horologiis

37 520 87 577 140
96 514 199 571 tenere
217 511 344 585 videtur,
362 510 510 586 significat
528 511 668 569 horarum
686 511 792 586 spatia.
830 531 864 569 ea
882 511 1030 569 translata
1051 505 1054 586 l
1077 530 1111 568 ex

64 624 67 632 ⁴
95 600 297 660 terebratione
318 600 350 657 in
373 599 603 657 terebrationem
625 600 733 658 mensis
752 601 895 658 vertentis
913 598 1028 674 perficit
1047 618 1109 658 cur·

69 709 172 752 asum.
207 689 313 764 itaque
332 688 581 764 quemadmodum
599 689 644 746 sol
661 708 715 764 per
733 689 862 747 siderum
881 689 981 764 spatia
999 689 1110 746 vadens
1130 703 1162 750 10

96 778 207 837 dilatat
229 777 437 852 contrahitque
460 777 522 835 dies
546 780 576 835 et
598 778 696 852 horas,
722 778 763 836 sic
786 777 870 835 bulla
892 778 924 834 in
947 777 1109 853 horologiis

95 866 266 945 ingrediens
288 885 343 941 per
362 869 476 940 puncta
500 869 603 924 contra
626 866 719 924 centri
741 866 879 941 tympani
902 867 1111 939 versationem,

58 947 103 1038 (bl
119 954 229 1015 cotidie
253 973 321 1012 cum
343 955 523 1012 transfertur
545 954 612 1013 aliis
635 955 817 1029 temporibus
840 974 893 1030 per
915 955 1024 1013 latiora
1043 954 1110 1012 aliis

96 1064 151 1120 per
173 1043 347 1121 angustiora
370 1043 477 1118 spatia,
500 1045 659 1102 menstruis
682 1043 865 1102 finitionibus
884 1043 1029 1120 imagines
1049 1042 1110 1100 effi·

58 1153 83 1193 ro
97 1134 140 1192 cit
161 1133 304 1191 horarum
327 1134 357 1190 et
379 1132 506 1190 dierum·

163 1221 211 1280 De
244 1221 501 1279 administratione
538 1224 638 1278 autem
670 1239 767 1295 aquae
800 1219 1047 1294 quemadmodum
1080 1238 1110 1277 se

97 1312 246 1385 temperet
270 1310 307 1368 ad
334 1310 494 1382 rationem,
522 1310 564 1368 sic
592 1309 649 1367 erit
670 1309 846 1367 faciendum.
891 1312 960 1384 post
982 1309 1111 1366 frontem
1131 1325 1162 1371 11

46 1411 88 1459 (111
96 1392 256 1480 horologii
278 1399 358 1456 intra
381 1399 550 1457 conlocetur·
573 1398 729 1456 castellum
750 1397 783 1455 in
800 1397 889 1472 idque
908 1417 962 1472 per
979 1397 1111 1455 fistulam

98 1488 190 1548 saliat
218 1506 296 1562 aqua
324 1490 354 1545 et
380 1487 413 1545 in
439 1487 499 1546 imo
526 1487 637 1545 habeat
664 1505 777 1546 cavum.
823 1486 914 1544 adid
937 1489 1036 1544 autem
1060 1485 1111 1543 ad·

59 1596 84 1638 rs
97 1577 192 1635 fixum
219 1576 259 1634 sit
286 1595 321 1634 ex
349 1595 415 1634 aere
442 1579 620 1651 tympanum
645 1575 757 1634 habens
779 1576 926 1650 foramen,
955 1594 1010 1650 per
1033 1574 1112 1649 quod

71 1722 74 1726 ,
98 1685 134 1724 ex
163 1665 286 1724 castello
309 1665 341 1722 in
363 1664 395 1722 id
418 1683 496 1740 aqua
518 1665 633 1723 influat.
677 1666 709 1723 iu
733 1684 767 1724 eo
791 1667 891 1722 autem
913 1665 1011 1723 minus
1034 1666 1111 1738 tym-

98 1774 212 1830 panum
238 1753 409 1812 ineludatur
436 1753 603 1811 cardinibus
628 1757 771 1812 externo
793 1755 924 1812 masculo
949 1756 979 1811 et
1000 1753 1111 1810 femina

46 1854 88 1906 (15)
97 1844 178 1902 inter
197 1860 227 1901 se
245 1843 397 1917 coartatis,
414 1842 458 1900 ita
478 1835 482 1923 Ι
502 1843 548 1900 uti
561 1843 658 1901 minus
673 1845 850 1917 tympanum
865 1841 1112 1917 quemadmodum

99 1931 267 2007 epitonium
284 1932 316 1988 in
333 1932 445 1990 maiore
465 1932 689 2008 circumagendo
709 1935 772 1989 arte
788 1932 955 2006 leniterque
969 1934 1111 1989 versetur.

59 2041 85 2080 ao
98 2021 222 2079 maioris
250 2022 349 2078 autem
376 2020 512 2095 tympani
535 2021 653 2077 labrum
676 2020 777 2094 aequis
800 2020 967 2078 intervallis
991 2037 1112 2077 ooonxv
1132 2035 1163 2081 12

100 2111 215 2185 puncta
242 2108 353 2166 habeat
380 2110 514 2185 signata,
541 2109 639 2167 minor
661 2127 730 2167 vero
755 2108 904 2165 orbiculus
926 2108 957 2165 in
982 2111 1112 2165 extrema

100 2197 294 2257 circinatione
316 2197 406 2254 fixam
428 2197 538 2255 habeat
560 2198 713 2273 lingulam,
737 2196 822 2254 cuius
842 2214 983 2254 cacumen
1002 2196 1112 2271 dirigat

48 2287 140 2349 (20lad
163 2288 341 2361 punctorum
363 2286 506 2362 regiones,
528 2277 627 2367 inlque
652 2304 685 2344 eo
705 2285 836 2343 orbiculo
855 2286 1054 2359 temperatum
1073 2283 1113 2341 sit

100 2376 245 2450 foramen,
268 2376 339 2450 quia
362 2375 394 2432 in
416 2379 594 2450 tympanum
617 2392 696 2450 aqua
714 2373 813 2431 influit
834 2393 888 2448 per
909 2372 941 2429 id
964 2376 994 2430 et
1013 2377 1112 2430 servat

61 2484 87 2525 rs
101 2463 399 2522 administrationem.
445 2483 511 2521 cum
538 2469 638 2522 autem
664 2464 696 2520 in
723 2462 843 2521 maioris
869 2461 1005 2536 tympani
1028 2461 1111 2519 labro

99 2552 214 2610 fuerint
241 2552 392 2628 signorum
420 2553 592 2611 caelestium
619 2551 861 2625 deformationes,
891 2550 922 2607 id
950 2553 1049 2608 autem
1073 2551 1112 2608 sit

100 2642 257 2715 inmotum,
279 2643 310 2698 in
333 2659 447 2700 summo
465 2642 575 2699 habeat
593 2641 789 2699 deformatum
808 2640 906 2698 cancri
925 2640 1050 2716 signum,
1074 2639 1113 2702 ad

176 2834 190 2881 1
211 2827 254 2880 sui
273 2844 361 2895 usque
379 2845 406 2883 rc.
430 2830 439 2896 ΙΙ
462 2833 477 2878 3
497 2827 585 2880 tinere
600 2827 639 2881 H.
663 2831 666 2896 t
690 2827 830 2896 significat
848 2834 911 2882 aute
929 2845 997 2881 corr.
1018 2828 1046 2895 (i.
1066 2844 1100 2879 m.

102 2899 259 2967 0116114
277 2916 387 2952 cursum
406 2898 610 2967 suum.itaque
629 2915 656 2952 ar.
676 2901 685 2967 l
706 2905 721 2950 9
741 2897 878 2967 imagines
895 2899 932 2953 G:
952 2897 1007 2950 -nis
1022 2898 1055 2951 H
1058 2897 1084 2951 S.
1109 2896 1113 2968 l

104 2975 139 3023 14
158 2968 243 3023 saliat
262 2986 336 3038 aqua
356 2969 418 3024 GS:
439 2967 542 3022 saliata
561 2985 633 3036 quae
648 2971 686 3023 H.
714 2971 723 3038 ΙΙ
751 2974 784 3022 15
803 2969 910 3023 habens
929 2969 997 3022 tello
1016 2967 1045 3020 in
1062 2971 1065 3035 Ι
1082 2967 1093 3019 i

102 3047 151 3097 etc.
175 3047 238 3095 oute
259 3058 327 3095 corr.
348 3042 406 3109 (qut
427 3058 513 3109 supra
535 3042 671 3110 supplevit
693 3041 800 3108 omaso)
822 3041 854 3094 G.
883 3042 892 3109 l
920 3045 952 3092 17
972 3040 995 3092 le
1016 3041 1056 3107 (et
1077 3039 1112 3108 G)

102 3114 185 3166 torno
199 3129 226 3165 x.
241 3114 250 3181 ΙΙ
265 3117 298 3165 18
318 3111 421 3165 coortis
439 3116 512 3178 (oute
530 3113 608 3180 corr.)
625 3112 682 3179 (1.1]
698 3116 729 3163 19
749 3110 903 3179 epitonium
924 3113 974 3178 (sie
992 3117 1017 3164 et
1035 3112 1113 3176 iufra

99 3201 129 3254 p.
148 3187 214 3250 261,
227 3187 272 3237 20.
292 3187 359 3250 262,
372 3184 419 3252 25)
439 3200 460 3236 cc
482 3183 527 3249 (cf.
549 3183 683 3251 Goppert,
710 3183 823 3236 Redeat.
851 3200 904 3237 oon
930 3182 1113 3246 ferruma'aare

103 3254 193 3310 Bresl.
209 3258 283 3308 1869
301 3271 328 3320 p.
344 3257 390 3321 38,
409 3254 474 3308 Keil
496 3254 533 3307 ud
556 3254 672 3307 Verroa.
690 3271 718 3321 p.
733 3257 802 3320 247,
824 3253 860 3307 R.
877 3252 997 3319 Gapuot:
1020 3252 1112 3305 Recue

103 3326 137 3380 dc
151 3326 222 3393 phil.
242 3329 316 3379 1894
330 3343 360 3394 p.
374 3328 447 3394 170).
469 3328 477 3392 ΙῙ
499 3330 532 3377 10
551 3323 664 3377 maioris
681 3323 743 3378 GS:
763 3341 819 3378 -res
834 3324 872 3377 H.
887 3325 897 3392 ΙΙ
911 3329 943 3375 11
964 3321 1113 3390 designata

104 3395 131 3452 S.
153 3397 163 3464 ΙΙ
184 3401 217 3448 11
235 3393 356 3465 ligulam
373 3413 400 3449 x.
421 3398 431 3464 ll
451 3401 485 3448 14
504 3394 571 3463 quia
585 3395 653 3449 HS:
672 3411 729 3462 qua
745 3395 778 3449 G.
801 3397 811 3464 Ιι
833 3400 867 3447 15
885 3393 965 3447 labro
983 3395 1020 3448 G:
1039 3392 1111 3447 libro

104 3466 169 3521 Hs.
187 3468 197 3535 l
215 3472 248 3519 17
267 3467 405 3520 inmotum
423 3466 446 3519 lo
464 3466 495 3519 in
513 3485 534 3520 s.
552 3485 579 3520 x.
602 3469 605 3536 Ι
626 3465 720 3520 cancri
739 3465 821 3535 signu
836 3466 867 3520 S:
887 3464 980 3518 cancri
998 3464 1112 3534 signori]

107 3537 142 3605 G,
162 3537 256 3591 caneri
275 3540 448 3608 (stertente
466 3555 535 3592 corr.
549 3539 585 3605 L)
604 3536 718 3606 signoru
733 3536 771 3590 H.
