2416 3922
352 163 400 217 DE
419 160 698 218 ARCHITECTURA
715 163 782 217 LIB.
801 162 867 216 VIII
1050 162 1111 226 181

100 313 272 373 anulariam
294 315 382 388 vitro,
406 314 484 389 quod
508 313 614 372 Graeci
637 329 734 372 ιεατιν
758 314 920 388 appellant,
943 312 1114 389 inficientes,

98 403 303 462 imitationem
325 403 440 461 faciunt
462 403 554 461 indici
576 403 690 462 coloris.

170 490 285 560 Quibus
307 491 473 550 rationibus
497 494 527 549 et
549 491 637 550 rebus
661 491 698 549 ad
722 491 937 566 expolitionum
958 492 1114 552 firmitates
1132 508 1148 555 3

99 575 337 658 (perveniatur)
365 580 530 656 quibusque
558 580 679 638 decoras
712 583 848 655 oporteat
879 580 943 638 fieri
974 582 1114 657 picturas,

71 671 177 730 sitem
205 688 279 745 quas
311 669 442 727 habeant
461 665 465 747 I
486 687 586 728 omnes
615 669 726 728 colores
754 669 786 726 in
813 688 843 728 se
870 672 1047 745 potestates,
1079 672 1114 729 ut

98 758 177 817 mihi
208 776 376 816 succurrere
407 757 508 833 potuIt
539 757 571 815 in
603 758 658 817 hoc
690 757 765 815 libro
796 759 962 833 perscripsi.
1012 759 1114 834 itaque

100 864 207 906 omnes
235 845 473 905 aedificationum
499 848 693 922 perfectiones
725 865 816 921 quam
847 846 955 905 habere
987 848 1114 906 debeant

100 935 359 1011 opportunitatem
390 934 641 1009 ratiocinationis,
674 939 788 1010 septem
814 936 1013 995 voluminibus
1044 941 1114 995 sunt

98 1023 220 1098 finitae,
251 1023 421 1099 insequenti¹
446 1027 546 1082 autem
574 1024 609 1082 de
637 1042 728 1098 aqua,
760 1023 787 1082 si
813 1025 920 1100 quibus
952 1025 1024 1083 locis
1054 1044 1113 1083 non

58 1113 202 1187 resuerit,
226 1112 475 1187 quemadmodum
496 1113 666 1171 inveniatur
688 1115 719 1170 et
746 1131 805 1188 qua
827 1113 943 1171 ratione
964 1106 967 1193 I
989 1113 1114 1171 ducatur

100 1201 269 1278 quibusque
283 1200 369 1260 rebus
385 1201 410 1260 si
424 1201 481 1259 erit
495 1201 620 1260 salubris
636 1204 666 1259 et
679 1200 785 1261 idonea
799 1201 941 1276 probetur
953 1201 1112 1276 explicabo.

503 1456 715 1465 ——...

426 1671 558 1738 LIBER
581 1672 789 1739 OCTAVUS.

168 1839 214 1897 De
237 1843 350 1914 septem
373 1839 556 1914 sapientibus
575 1840 682 1899 Thales
701 1840 833 1899 Milesius
858 1842 989 1900 omnium
1012 1862 1112 1900 rerum
1132 1856 1146 1902 1

98 1927 283 2004 principium
306 1946 416 2003 aquam
440 1930 484 1987 est
506 1928 665 2004 professus,
687 1928 857 1988 Heraclitus
879 1931 987 2008 ignem,
1010 1931 1111 2009 Mago·

57 2037 85 2077 15
98 2037 167 2075 rum
184 2008 188 2098 I
205 2017 370 2076 sacerdotes
389 2034 499 2091 aquam
517 2020 547 2075 ct
565 2016 673 2094 ignem,
690 2018 847 2093 Euripides
862 2019 981 2079 audiior
994 2019 1112 2078 Anaxa-

99 2125 201 2182 gorae,
224 2124 313 2181 quem
334 2104 544 2181 philosophum
566 2105 761 2165 Athenienses
789 2107 955 2165 scaenicum
980 2109 1112 2183 appella·

98 2197 222 2268 verunt,
258 2212 328 2252 aera
360 2196 390 2252 et
420 2196 532 2252 terram
563 2213 686 2269 eamque
719 2214 734 2252 e
767 2195 939 2253 caelestium
972 2195 1112 2254 imbrium

99 2282 343 2358 conceptionibus
364 2282 573 2341 inseminatam
595 2283 675 2342 fetus
698 2283 832 2360 gentium
850 2285 880 2341 et
898 2284 1029 2342 omnium
1049 2285 1111 2342 ani-

97 2372 227 2429 malium
259 2372 291 2429 in
322 2371 432 2429 mundo
464 2372 677 2447 procreavisse,
709 2375 739 2430 et
772 2390 847 2446 quae
880 2391 914 2428 ex
946 2391 981 2430 ea
1014 2375 1111 2431 essent

56 2481 85 2520 ao
98 2463 250 2537 prognata
272 2479 339 2518 cum
362 2451 601 2541 dissolvetrentur
618 2452 788 2536 temporum
805 2461 981 2519 necessitate
1000 2465 1111 2535 coacta,

98 2549 132 2606 in
161 2549 284 2607 eandem
310 2548 420 2624 redire,
448 2568 582 2624 quaeque
609 2549 645 2607 de
673 2568 739 2607 aere
766 2551 958 2608 nascerentur
979 2551 1052 2609 item
1078 2551 1110 2609 in

99 2637 177 2696 caeli
194 2638 328 2714 regiones
346 2637 457 2696 reverti
474 2657 569 2713 neque
587 2637 773 2697 interitiones
790 2638 921 2714 recipere
940 2641 971 2697 et
985 2640 1109 2699 dissolu-

47 2734 88 2790 84
97 2726 181 2784 tione
204 2728 322 2786 mutata
349 2727 381 2784 in
404 2745 469 2783 eam
491 2726 620 2785 recidere
641 2721 645 2804 I
665 2727 697 2783 in
720 2746 779 2802 qua
802 2731 871 2786 ante
898 2728 1018 2786 fuerant
1042 2748 1109 2804 pro-

96 2815 268 2890 prietatem.
304 2815 490 2892 Pythagoras
509 2835 587 2890 vere,
610 2815 812 2891 Empedocles,
830 2816 1024 2892 Epicharmos
1044 2818 1108 2876 alii-

173 3023 187 3070 1
207 3017 334 3087 vitroque
358 3021 394 3088 (qz
415 3019 489 3086 HE,
513 3038 542 3087 q,
561 3019 596 3086 S)
620 3020 694 3087 quod
712 3037 739 3074 a.
770 3023 774 3088 1
804 3019 928 3074 insalIim
951 3023 988 3090 (-i
1002 3021 1035 3090 S)
1052 3039 1080 3075 c.
1099 3021 1110 3094 ΙΙ

98 3095 115 3142 3
136 3088 387 3158 addispositionem
404 3089 545 3143 firmitatis
570 3091 618 3158 (stc
636 3093 695 3146 siae
712 3093 763 3146 lac.
782 3092 828 3145 sed
846 3095 878 3145 e’n
895 3093 949 3159 fine
966 3098 998 3146 at
1015 3108 1108 3147 versus

99 3159 128 3214 G
145 3162 187 3215 ita
204 3161 293 3229 ipsias
314 3163 377 3228 folii
396 3165 464 3215 107a
478 3161 523 3232 H)
541 3178 561 3215 a
579 3163 657 3230 (corr.
678 3169 703 3216 ct
725 3163 814 3231 suppl.
832 3162 924 3231 Nohl).
946 3165 955 3232 ΙΙ
977 3168 991 3215 ‘1
1012 3163 1108 3217 aedifi-

97 3229 244 3285 cationum
258 3231 315 3286 HS
320 3254 326 3286 :
346 3230 485 3287 edifitioru
505 3233 539 3287 G.
566 3233 576 3301 ΙΙ
604 3236 637 3284 10
656 3233 775 3286 ducatur
789 3232 857 3288 HS:
880 3233 1030 3287 inducatur
1047 3232 1080 3287 G.
1099 3234 1109 3306 Η

99 3307 133 3355 17
153 3301 284 3358 eHSG:
303 3302 375 3356 &H
400 3305 409 3373 {I
431 3308 465 3356 20
483 3301 652 3357 necessitate
671 3304 736 3359 HS:
756 3306 795 3358 -te
810 3304 845 3358 H
848 3304 881 3359 G.
905 3307 914 3373 {1
937 3309 970 3356 21
990 3305 1109 3358 eandem

97 3373 174 3428 Ea:
194 3373 293 3427 eadem
307 3373 369 3428 HS.
392 3375 396 3442 Ι
417 3374 452 3428 de
470 3390 534 3428 aare
552 3375 702 3428 nascentur
716 3375 786 3442 Eo,
805 3375 839 3429 de
857 3375 940 3428 haere
958 3378 1109 3429 nascentur

97 3443 140 3512 H,
160 3444 194 3498 de
212 3444 267 3498 hae
284 3447 495 3499 renascerentur
513 3445 535 3500 S
551 3448 592 3514 (ct
607 3445 652 3514 L).
680 3446 689 3514 I
717 3450 750 3499 23
769 3445 881 3499 fuerant
900 3446 938 3500 G:
957 3445 1050 3501 fuerat
1068 3447 1109 3515 H,

97 3514 155 3569 fuit
173 3516 200 3570 S.
225 3519 230 3584 1
254 3515 440 3586 proprietates
461 3515 493 3570 G.
522 3518 532 3586 I
560 3522 594 3569 24
613 3515 755 3585 epi(ephy-
770 3516 933 3585 S)charmos
950 3534 978 3572 a.
