2416 3922
231 135 234 140 ‘
320 154 369 208 nn
387 153 667 211 ARCHITECTURA
683 156 750 210 nm.
768 156 803 227 n,
822 162 882 210 ae
1063 157 1104 220 37

45 312 81 370 38
98 296 102 387 l
120 306 258 381 oporteat
280 304 385 365 dicam.
431 325 491 365 non
514 307 592 365 enim
615 306 651 365 de
673 307 819 366 harenosa
842 326 938 382 neque
961 307 1109 366 calculosa

96 413 193 470 neque
212 393 354 454 sabulone
373 395 471 454 soluto
490 398 561 454 sunt
580 395 713 471 ducendi,
737 396 817 472 quod
835 415 870 454 ex
887 395 934 454 his
952 395 1108 474 generibus

37 560 38 564 Ἰ
97 501 166 542 curn
188 483 250 541 sint
272 482 353 543 ducti
380 484 510 558 primum
532 485 608 543 fiunt
631 503 750 562 graveS,
778 485 883 543 deinde
906 503 973 543 oum
995 485 1032 543 ab
1055 484 1108 542 im-

95 570 199 630 bribus
217 571 248 629 in
267 572 432 648 parictibus
451 576 643 650 spargimur,
666 573 839 632 dilabuntur
857 577 888 633 et
906 573 1109 632 dissolvumtur

70 652 270 742 spalleaeque
301 659 334 718 in
364 661 390 720 is
423 680 482 720 non
512 661 724 721 cohaerescunt
754 665 877 739 propter
908 661 1108 737 asperitatem.

95 749 225 808 faciendi
263 752 365 808 autem
399 752 470 809 sunt
503 770 538 809 ex
569 753 650 810 terra
685 751 786 810 albida
823 753 938 810 cretosa
975 751 1037 810 sive
1073 750 1109 809 de

95 838 215 897 rubrica
243 841 298 897 aut
325 839 416 897 etiam
443 840 574 898 masculo
603 840 753 900 sabulone.
800 841 874 899 haec
900 840 978 898 enim
1001 859 1110 917 genera

95 929 220 1004 propter
242 927 397 986 levitatem
419 927 531 986 habent
552 928 726 987 firmitatem
749 933 779 989 et
802 947 861 988 non
885 928 1002 988 suntin
1023 948 1109 1004 opere

95 1015 264 1092 ponderosa
296 1017 327 1074 et
357 1016 486 1074 faciliter
518 1021 708 1094 aggeruntur.
759 1017 884 1076 ducendi
913 1021 1014 1076 autem
1041 1020 1145 1080 sunta

57 1125 83 1165 ro
96 1125 151 1181 per
164 1123 291 1163 vernum
304 1107 422 1181 tempus
437 1108 468 1164 et
484 1097 487 1187 l
504 1106 686 1180 autumnale,
700 1109 735 1164 ut
748 1125 808 1164 uno
824 1110 926 1164 tenore
941 1106 1109 1165 siccescant.

97 1189 159 1270 qui
174 1193 254 1252 enim
276 1213 330 1269 per
354 1194 518 1253 solstitium
539 1198 687 1270 parantur
714 1195 780 1253 ideo
806 1194 908 1254 vitiosi
931 1194 1007 1252 fiunt
1031 1194 1111 1269 quod

97 1302 246 1342 summum
278 1283 391 1341 corium
422 1283 467 1342 sol
497 1284 606 1342 acriter
633 1302 701 1342 oum
733 1283 921 1358 praecoquit,
954 1282 1045 1340 efficit
1076 1285 1112 1340 ut

95 1373 236 1431 videatur
263 1370 376 1446 aridus,
403 1371 527 1432 interior
557 1375 658 1431 autem
686 1372 725 1431 sit
752 1391 812 1431 non
839 1373 940 1430 siccus.
987 1375 1017 1429 et
1045 1389 1111 1428 cum

95 1464 203 1538 postea
225 1460 408 1519 siccescendo
432 1479 463 1520 se
487 1461 648 1536 contrahit,
675 1461 842 1537 perrumpit
869 1479 903 1518 ea
927 1477 1003 1535 quae
1027 1463 1112 1517 erant

55 1569 82 1610 rs
97 1549 191 1608 arida.
227 1549 272 1607 ita
289 1549 391 1608 rimosi
408 1550 483 1609 facti
501 1550 669 1609 efficiuntur
686 1541 834 1632 inlbecilli.
865 1549 993 1607 maxime
1012 1552 1112 1633 autem

96 1639 233 1697 utiliores
262 1640 361 1713 erunt,
386 1639 412 1697 si
439 1642 509 1697 ante
535 1638 688 1697 biennium
714 1640 825 1697 fuerint
848 1638 938 1697 ducti.
983 1655 1112 1712 namque

97 1746 159 1786 non
181 1730 251 1785 ante
272 1731 397 1803 possunt
419 1728 537 1802 penitus
561 1728 725 1800 siccescere.
766 1729 868 1803 itaque
891 1747 958 1786 oum
980 1730 1111 1785 recentes

98 1819 130 1875 et
152 1834 212 1874 non
235 1816 311 1873 aridi
334 1820 404 1875 sunt
426 1817 541 1891 structi,
563 1817 692 1888 tectorio¹
711 1816 832 1875 inducto
855 1816 1010 1893 rigidoque
1029 1814 1112 1874 obso-

97 1904 193 1963 lidate
216 1907 407 1981 permanente
434 1905 493 1981 ipsi
515 1904 644 1964 sidentes
667 1924 727 1965 non
751 1908 876 1982 possunt
899 1904 1022 1963 eundem
1045 1904 1112 1961 alti-

57 2015 84 2056 ao
97 1993 233 2053 tudinem
257 2011 316 2069 qua
343 1996 389 2052 est
415 1994 572 2053 tectorium
599 1996 712 2069 tenere,
740 1985 1008 2075 contractionelque
1037 1992 1112 2050 moti

67 2125 69 2128 -
97 2101 160 2141 uon
186 2083 310 2140 haerent
337 2101 404 2142 cum
432 2101 479 2157 ec,
505 2082 555 2142 sed
579 2081 616 2140 ab
640 2083 846 2142 coniunctione
869 2083 931 2141 eius
959 2082 1112 2157 disparan-

97 2175 157 2230 tur.
193 2172 286 2248 igitur
307 2172 433 2229 tectoria
456 2171 493 2228 ab
517 2174 665 2230 structura
688 2173 821 2231 seiuncta
843 2173 965 2246 propter
983 2169 1111 2228 tenuita-

97 2264 160 2319 tem
191 2279 246 2335 per
272 2277 303 2318 se
335 2262 414 2319 stare
445 2279 505 2318 non
535 2263 661 2336 possunt
691 2260 742 2319 sed
773 2261 964 2336 frangumtur,
995 2258 1112 2333 ipsique

99 2349 229 2425 parietes
256 2349 380 2408 fortuito
404 2348 532 2408 sidentes
555 2350 709 2408 vitiantur.
754 2348 820 2406 ideo
844 2348 935 2406 etiam
957 2346 1112 2404 Uticenses

58 2459 85 2500 ac
98 2438 194 2496 latere
226 2438 252 2496 si
283 2437 323 2497 sit
350 2437 450 2498 aridus
479 2440 509 2496 et
536 2440 605 2496 ante
634 2437 868 2513 quinquennium
895 2435 1014 2508 ductm,
1046 2453 1113 2493 cum

44 2517 234 2608 (rorarbiltrio
261 2527 455 2603 magistratus
477 2527 568 2584 firerit
590 2527 634 2584 ita
658 2525 814 2601 probatus,
842 2527 912 2584 tunc
935 2527 1059 2582 utuntur
1081 2524 1113 2581 in

98 2615 249 2692 parietum
281 2615 445 2673 structuris
499 2614 575 2673 fiunt
606 2618 706 2673 autem
741 2615 870 2673 laterum
901 2632 1010 2691 genera
1045 2613 1148 2674 trias

99 2724 192 2762 unum
221 2703 299 2779 quod
326 2722 431 2780 graece
453 2702 582 2779 Lydium
606 2704 788 2779 appellatur,
815 2703 846 2761 id
870 2706 995 2779 estque
1019 2702 1114 2761 nostri

174 2880 188 2926 1
208 2873 347 2926 harenosa
365 2888 455 2940 neque
475 2872 619 2927 calculosa
635 2874 779 2941 (aeterra,
798 2879 830 2926 ut
842 2890 867 2927 c.
882 2877 900 2926 6
914 2899 947 2917 =
963 2871 1022 2924 solo
1037 2871 1112 2924 Plc'u.

100 2946 222 3013 35‚170)
240 2958 331 3012 neque
351 2942 486 2997 sabulone
506 2943 611 2998 soluto:
629 2943 767 2997 harenoso
785 2959 876 3010 neque
895 2941 1034 2996 calculoso
1053 2940 1113 2993 luto

100 3015 156 3084 (H,
179 3015 240 3068 luto
258 3032 309 3069 om.
324 3014 357 3082 S,
381 3013 490 3068 calculo
510 3013 601 3068 soluto
618 3015 654 3081 G)
673 3030 764 3082 neque
788 3013 956 3067 sabulonoso
980 3010 1039 3065 luto
1058 3029 1086 3064 a.
1104 3010 1115 3082 ll

100 3091 117 3139 3
137 3085 174 3140 ab
193 3084 330 3139 imbribus
349 3085 379 3138 in
397 3104 424 3155 p.
441 3085 539 3154 G(S²):
560 3084 596 3138 ab
614 3084 735 3139 intribus
754 3084 785 3138 in
802 3104 829 3155 p.
844 3085 919 3149 Hor,
938 3084 968 3136 in
981 3081 1072 3135 tribus
1085 3098 1112 3149 p.

99 3159 160 3226 (om.
178 3156 213 3210 ab
228 3163 254 3212 ct
267 3155 307 3226 in)
318 3157 343 3211 S.
359 3158 368 3226 ll
382 3162 398 3209 5
413 3155 450 3211 is:
464 3155 509 3208 hie
520 3174 547 3210 a.
562 3156 572 3224 ll
587 3160 619 3208 10
635 3158 744 3212 tenore:
758 3157 884 3225 tempore
894 3172 921 3209 cc.
936 3156 945 3223 ll
960 3159 992 3206 12
1008 3151 1115 3206 corium

101 3228 164 3283 Ga:
185 3227 311 3282 chorium
324 3229 362 3281 Η.
381 3229 384 3297 l
401 3226 495 3280 effecit
508 3227 546 3281 H.
562 3229 571 3297 ll
586 3231 618 3279 13
638 3225 748 3280 aridum
763 3228 854 3295 (-1·1)r.
876 3227 885 3295 ΙΙ
907 3230 940 3277 14
958 3223 1115 3293 perrumpit

99 3302 136 3367 (a.
156 3300 189 3368 c.)
208 3315 257 3354 cm.
279 3297 312 3353 G.
341 3300 350 3368 ΙΙ
378 3303 411 3352 18
434 3298 486 3368 ri(e
503 3297 671 3367 H)gidoquc
695 3296 849 3351 obsolidati
874 3295 1040 3364 permanent
1058 3312 1085 3348 c.
1104 3293 1114 3366 ll

99 3375 134 3423 20
153 3386 210 3438 qua
233 3371 276 3424 est
296 3368 447 3423 tectorium
462 3368 520 3423 HS
535 3370 594 3438 (abt
614 3374 629 3421 e
648 3370 779 3426 tectorid
797 3385 858 3422 cum
876 3383 930 3421 ras.
946 3365 1000 3434 S⁶):
1024 3383 1078 3438 que
1098 3370 1113 3418 e

97 3442 208 3495 tectorii
221 3440 253 3495 G.
269 3442 278 3510 ss
292 3446 326 3493 24
336 3439 454 3494 fortuito
464 3440 498 3494 H
502 3440 528 3495 G
540 3442 582 3508 (ut
590 3442 636 3507 33,
645 3442 683 3494 26
691 3441 733 3505 c):
749 3442 792 3492 -tu
802 3437 975 3560 (H⁶)S(G⁶)q
990 3435 1112 3490 sidentes

99 3514 143 3580 (ut
159 3530 184 3568 c.
201 3515 237 3567 18
250 3514 280 3580 a)
300 3511 428 3566 sedentes
442 3528 470 3565 a.
484 3513 494 3581 ΙΙ
508 3516 541 3564 25
560 3510 678 3565 laterem
692 3510 723 3564 Η
742 3512 804 3579 (re)
820 3509 877 3564 GS.
892 3511 948 3578 1127
976 3507 1036 3561 idio
1053 3506 1111 3563 GS.
