2416 3922
305 158 413 212 LIBER
430 158 536 213 ARTIS
555 157 894 214 ARCHITECTONIOAE
1042 158 1105 223 301

96 329 151 386 per
174 327 260 368 nares
282 311 314 367 in
336 309 522 368 lacusculum
544 309 699 384 exprimat.
735 313 839 386 postea
861 309 1018 386 fuliginem
1041 309 1109 367 dili·

98 401 202 476 genter
221 401 353 457 conteres
372 400 403 456 et
421 417 530 474 aquarn
548 397 586 456 acl
604 398 724 456 modum
742 400 842 457 mittes
862 401 892 456 et
910 400 1110 457 atramentum

98 486 189 546 facies
212 487 348 545 nitidum.
384 487 513 562 pictores
532 489 632 546 autem
654 487 805 564 glutinum
827 487 959 561 miscent,
983 489 1017 544 ut
1039 487 1108 545 niti-

99 576 166 635 dius
191 594 253 634 esse
270 576 414 635 videatur.
451 576 503 634 sed
521 575 559 634 ad
577 576 759 634 celeritatem
778 576 873 651 operis
897 575 987 634 etiam
1009 575 1109 634 taeda·

72 684 166 726 erum
194 664 334 724 carbones
361 683 429 722 oum
455 665 571 741 glutino
599 665 698 723 attriti
725 663 888 740 parietibus
915 663 1111 739 praestabunt

44 744 107 834 (rut
123 753 283 812 atramenti
302 753 491 828 suavitatem,
513 772 567 812 neo
584 753 682 811 minus
705 755 855 811 sarmenta
874 755 976 812 exusta
995 756 1024 811 et
1043 771 1111 812 con·

99 843 174 901 trita
206 842 366 900 atramenti
398 841 526 901 colorem
556 841 762 919 imitabuntur.
818 841 869 900 sed
901 844 931 900 et
963 843 1112 900 sarmenta

100 949 176 990 uvae
199 930 338 1008 nigrioris
362 931 441 988 siin
464 931 576 1006 optimo
595 931 665 989 rino
687 949 783 989 mersa
807 931 938 989 aruerint
961 933 991 989 et
1008 932 1112 1006 postea

32 1022 205 1084 808exusta
232 1020 355 1092 fuerint,
384 1010 495 1100 adtditc
522 1019 638 1096 glutino
664 1018 784 1077 imitata
811 1018 902 1077 indici
932 1018 1113 1077 suavitatem

61 1128 88 1168 ro
101 1107 318 1167 monstrabunt.
372 1110 440 1166 usta
471 1126 553 1183 vero,
586 1127 662 1183 quae
693 1108 855 1182 plurimum
885 1107 1050 1166 necessaria
1081 1107 1113 1164 in

102 1196 241 1272 operibus
272 1198 407 1273 picturae
434 1195 565 1270 ridetur,
598 1197 640 1254 sio
670 1199 862 1272 temperatur.
913 1195 1016 1273 glebae
1049 1194 1112 1255 silis

102 1285 174 1344 boni
195 1287 228 1343 in
250 1286 319 1363 igne
342 1287 519 1361 coquuntur,
546 1287 618 1343 tuno
646 1285 789 1344 acerrimo
813 1288 896 1344 aceto
923 1285 1042 1360 perfuso
1066 1304 1113 1342 ex-

61 1384 92 1436 (⁵)
102 1373 291 1451 tinguuntur,
310 1377 341 1433 et
358 1373 485 1432 reddrmt
503 1393 685 1450 purpureum
705 1367 709 1450 1
730 1374 865 1432 colorem.
898 1374 1026 1433 caerulei
1039 1376 1113 1431 tem·

102 1465 270 1538 parationes
294 1462 492 1521 Alexandriae
518 1463 615 1538 primo
643 1466 713 1521 sunt
739 1463 890 1538 inventae,
913 1481 991 1520 nunc
1014 1466 1115 1520 autem

62 1570 89 1612 re
102 1551 236 1611 Puteolis
260 1572 294 1611 ex
316 1553 445 1610 harenae
463 1551 586 1627 pulvere
606 1553 636 1609 et
654 1551 727 1609 nitri
744 1551 816 1610 flore
834 1553 1027 1627 temperatur.
1063 1549 1115 1609 sed

103 1641 238 1715 cyprium
261 1642 399 1700 adustum
422 1634 564 1718 <addes>.
606 1659 723 1699 canusa
747 1643 777 1699 et
800 1658 890 1715 quam
912 1641 1007 1699 nostri
1030 1658 1114 1698 aeru-

103 1747 168 1788 cam
192 1732 301 1788 vocant
328 1731 370 1788 sic
398 1730 455 1788 erit
482 1729 670 1789 conficienda.
717 1732 866 1789 sarmenta
887 1730 959 1788 vitis
982 1729 1115 1786 amineae

50 1827 94 1878 (1⁰)
103 1818 203 1876 infuso
227 1821 310 1877 aceto
333 1820 365 1877 in
392 1818 471 1877 dolio
501 1819 674 1894 coiciantur,
697 1837 786 1895 super
807 1818 929 1877 tabulae
952 1808 1116 1899 plumtbeae

104 1906 292 1982 deponantur
306 1909 336 1965 et
354 1907 467 1966 dolium
485 1907 633 1981 cludatur,
651 1910 682 1966 et
698 1907 833 1981 pluribus
851 1905 1001 1965 mensibus
1019 1909 1115 1965 trans-

64 2013 91 2054 eo
104 1995 180 2054 actis
209 1995 369 2069 aperiatur.
415 1994 466 2053 sed
493 2013 610 2054 cerussa
637 1996 669 2053 in
699 1997 818 2054 fornace
851 1999 1007 2071 coquatur,
1040 2014 1115 2070 quae

103 2086 221 2143 mutato
241 2084 337 2142 colore
355 2083 508 2141 meliorem
522 2083 630 2142 efficiet
644 2083 846 2142 sandaracam.
883 2087 997 2141 ostrum
1015 2086 1116 2140 autem

104 2172 184 2248 quod
208 2191 262 2247 pro
286 2173 384 2231 colore
406 2190 557 2248 purpurae
575 2175 759 2246 temperatur
775 2172 912 2247 plurimis
929 2172 1003 2229 locis
1021 2171 1115 2229 nasci-

104 2263 164 2334 tur,
193 2261 245 2319 sed
272 2262 417 2336 optimum
443 2261 542 2318 insula
565 2259 663 2335 Cypro
691 2263 721 2319 et
748 2261 852 2319 ceteris
880 2278 956 2335 quae
983 2258 1115 2334 proxime

49 2357 95 2411 (1⁶)
106 2349 162 2409 sub
185 2350 256 2408 solis
276 2344 281 2428 t
302 2368 388 2409 curm
409 2348 565 2408 habentur.
602 2348 757 2424 conchylia
779 2349 882 2424 itaque
905 2367 972 2407 cum
992 2348 1116 2406 circum·

64 2456 91 2498 ss
105 2440 167 2498 cisa
184 2439 263 2498 ferro
281 2439 393 2497 fuerint
410 2438 549 2497 lacrimas
566 2437 708 2513 purpurei
721 2437 827 2496 coloris
842 2438 992 2511 emittunt,
1010 2435 1116 2511 quibus

106 2527 238 2586 collectis
261 2546 428 2603 purpureus
451 2527 531 2586 color
553 2529 744 2602 temperatur.
789 2525 857 2586 ideo
880 2528 981 2584 autem
1004 2528 1117 2584 ostrum

106 2619 152 2675 est
175 2617 361 2692 appellatum
385 2616 464 2691 quod
487 2635 522 2675 ex
543 2615 629 2675 testis
652 2635 739 2674 umor
762 2615 888 2674 elicitur.
925 2614 977 2690 qui
1000 2614 1059 2673 cito
1082 2632 1117 2672 ex

106 2705 255 2783 salsugine
287 2704 441 2780 inarescit,
472 2704 530 2763 nisi
556 2707 739 2779 temperatus
767 2723 853 2763 umor
878 2704 965 2762 melle
993 2704 1116 2762 circum-

52 2803 97 2857 (²⁰)
105 2794 190 2853 fusus
208 2794 361 2853 habeatur.
392 2793 470 2852 fiunt
486 2785 489 2875 Ι
506 2794 597 2852 etiam
614 2792 757 2869 purpurei
775 2792 886 2852 colores
903 2792 1015 2850 infecta
1036 2794 1116 2850 creta

65 2903 93 2944 ao
105 2882 208 2941 rubiae
230 2883 338 2942 radice.
374 2882 512 2942 similiter
530 2901 566 2941 ex
582 2882 704 2941 floribus
727 2881 781 2940 alii
803 2883 915 2941 colores
937 2881 1117 2939 inficiuntur.

106 2971 210 3047 itaque
232 2972 360 3048 pictores
384 2990 451 3030 cum
472 2970 623 3031 voluerint
649 2972 687 3030 sil
710 2971 836 3029 atticum
857 2970 984 3044 imitari,
1005 2968 1118 3028 violam

39 3068 96 3125 8⁰9
107 3059 222 3118 aridam
244 3062 276 3118 in
294 3079 367 3120 vaso
388 3080 455 3120 oum
473 3079 552 3135 aqua
572 3056 577 3138 t
598 3060 635 3118 ad
653 3060 753 3137 ignem
772 3059 925 3135 adponunt
942 3060 977 3115 ut
994 3059 1118 3132 ferveat,

108 3152 138 3208 et
169 3149 321 3208 decoctam
351 3150 383 3208 in
414 3149 537 3208 linteolo
566 3149 735 3223 exprimunt
763 3151 793 3206 et
819 3149 852 3205 in
880 3147 1022 3206 mortario
1051 3164 1119 3204 cum

107 3240 189 3297 creta
221 3240 377 3296 conterunt
409 3241 439 3297 et
469 3237 584 3297 faciunt
616 3236 679 3296 silis
712 3236 798 3295 attici
828 3237 964 3296 colorem.
1015 3233 1119 3293 eadem

67 3346 93 3388 es
106 3327 222 3386 ratione
239 3327 404 3386 vaccinium
423 3345 490 3386 oum
507 3327 585 3384 lacte
604 3328 803 3402 temperantes
821 3342 985 3401 purpuram
1002 3322 1118 3382 faciunt

66 3417 282 3493 (stelegantem.
319 3416 371 3492 qui
389 3433 448 3474 nou
466 3417 591 3491 possunt
611 3405 804 3496 ohrytsocolla
821 3416 944 3489 propter
962 3412 1120 3472 caritatem

107 3506 162 3578 uti,
180 3504 288 3564 herbae
306 3523 383 3581 quae
403 3505 502 3563 lutear
520 3503 690 3580 appellatur
707 3521 810 3562 sucum
828 3502 963 3561 caeruleo
980 3501 1119 3560 inficiunt
