2416 3922
144 185 209 249 260
382 179 385 185 ’
564 181 731 236 VITRUVII

144 337 215 412 pani
236 335 334 393 fronte
358 332 502 392 denticuli
523 333 715 408 perficiantur
738 332 904 409 aequaliter
926 332 1015 392 divisi
1035 349 1156 391 numero

146 423 354 500 quadringenti
395 423 602 482 convenientes
639 421 788 481 denticulo
825 423 964 498 tympani
999 422 1156 481 inferioris.

151 504 326 595 'praeterea
353 512 497 586 superiori
523 514 667 587 tympano
695 511 733 569 ad
755 511 835 570 latus
857 509 969 588 figatur
992 511 1071 570 alter
1092 509 1201 572 den-(¹⁵)

112 609 128 656 3
147 602 256 661 ticulus
279 601 448 677 prominens
467 603 551 658 extra
569 601 680 658 dentes.
712 619 801 676 super
818 602 920 658 autem
937 594 1159 678 (tympanum)

147 691 270 767 planum
290 684 294 768 Ι
315 688 419 748 eadem
440 689 556 747 ratione
576 688 731 747 dentatum
748 688 896 747 inclusum
912 689 946 746 in
964 689 1061 747 altero
1081 688 1202 750 locu-ld

146 780 277 837 lamento
301 779 483 852 conlocetur,
506 776 753 836 convenientibus
771 776 908 836 dentibus
932 777 1085 836 denticulo
1109 777 1180 852 quic

146 869 178 926 in
201 866 321 926 secundi
343 866 481 942 tympani
502 868 597 925 latere
618 866 710 924 fuerit
731 866 820 941 fixus,
842 866 875 924 in
897 883 992 941 eoque
1015 867 1157 942 tympano

146 957 294 1015 foramina
313 955 388 1014 fiant
407 957 552 1031 quantum
570 954 669 1013 diurni
687 954 802 1014 itineris
820 955 1019 1013 miliariorum
1036 967 1157 1015 numero

146 1045 238 1105 raeda
260 1045 355 1122 possit
374 1037 378 1126 Ι
400 1045 487 1103 exire.
532 1045 630 1102 minus
653 1044 758 1120 plusve
780 1063 843 1101 rem
864 1044 941 1101 nihil
963 1043 1089 1119 inpedit.
1129 1045 1189 1104 etro

147 1134 179 1193 in
210 1135 257 1193 his
288 1132 482 1193 foraminibus
515 1132 650 1191 omnibus
678 1133 785 1191 calculi
812 1131 933 1191 rotundi
960 1133 1198 1207 conlocentrmu

147 1223 238 1299 inque
263 1224 326 1282 eius
353 1222 491 1298 tympani
513 1221 609 1297 theca,
632 1222 694 1280 sive
717 1221 749 1280 id
773 1222 1007 1281 loculamentum
1030 1223 1085 1295 est,
1106 1220 1157 1279 fiat

147 1313 281 1370 foramen
302 1331 395 1369 unum
416 1311 527 1370 habens
552 1311 759 1385 canaliculum
783 1329 842 1386 qua
864 1309 973 1368 calculi
996 1308 1049 1386 qui
1071 1310 1104 1368 in
1125 1328 1156 1369 eo

147 1404 291 1477 tympano
314 1399 438 1475 inpositi
459 1400 580 1474 fuerint,
602 1418 672 1458 cum
694 1398 732 1457 ad
755 1418 822 1457 eum
844 1399 943 1458 locum
960 1399 1107 1473 venerint,
1127 1399 1157 1457 in

147 1489 255 1549 raedae
279 1508 401 1565 capsum
424 1491 454 1547 et
475 1507 528 1548 vas
552 1507 677 1547 aeneum
697 1483 707 1560 Ι.
722 1487 802 1563 quod
820 1489 877 1546 erit
895 1488 1085 1563 suppositum
1102 1488 1197 1548 sin-(1⁰)

112 1585 130 1632 4
150 1579 213 1655 guli
236 1577 339 1637 cadere
363 1579 486 1653 possint.
517 1576 563 1634 ita
585 1596 652 1635 cum
673 1579 740 1635 rota
758 1575 951 1654 progrediens
969 1595 1071 1636 secum
1089 1578 1156 1654 agat
1166 1591 1187 1635 1

147 1669 325 1742 tympanum
347 1666 441 1724 imum
465 1669 495 1725 et
513 1665 697 1725 denticulum
715 1665 777 1724 eius
797 1666 922 1743 singulis
941 1665 1155 1725 versationibus

147 1756 285 1830 tympani
321 1755 481 1830 superioris
517 1754 681 1814 denticulos
717 1753 838 1829 inpulsu
869 1757 959 1830 cogat
989 1755 1156 1833 praeterire,

70 1869 74 1876 ·
149 1843 258 1902 efficiet
279 1846 315 1901 ut
338 1862 405 1901 cum
428 1861 506 1902 oooo
530 1845 623 1901 imum
640 1844 790 1902 versatum
808 1844 908 1918 fuerit,
931 1844 1068 1919 superius
1085 1847 1156 1920 tym-

149 1951 261 2009 panum
284 1932 375 1991 semel
393 1932 612 2009 circumagatur
630 1935 660 1990 et
678 1931 844 1991 denticulus
863 1933 916 2008 qui
933 1934 979 1991 est
999 1926 1004 2006 Ι
1026 1931 1064 1991 ad
1082 1933 1156 1991 latus
1164 1939 1196 1991 (15)

151 2021 213 2080 eius
235 2021 310 2080 fixus
332 2041 425 2079 unum
447 2021 631 2080 denticulum
653 2022 790 2097 tympani
807 2021 891 2097 plani
908 2020 1063 2097 producat.
1096 2038 1187 2080 cuma

151 2128 220 2188 ergo
244 2127 323 2169 ccco
351 2110 568 2169 versationibus
591 2110 645 2167 imi
667 2111 803 2186 tympani
826 2110 917 2169 semel
940 2111 1077 2185 superius
1099 2128 1158 2169 ver-

151 2199 279 2275 sabitur,
308 2217 481 2276 progressus
512 2198 620 2258 efficiet
650 2199 748 2274 spatia
777 2199 886 2275 pedum
914 2199 1001 2257 milia
1030 2200 1158 2276 quinqua

150 2288 182 2347 id
201 2291 246 2348 est
263 2306 368 2365 passus
386 2289 475 2347 mille.
508 2307 543 2346 ex
562 2306 596 2346 eo
616 2290 690 2363 quot
708 2289 817 2346 calculi
834 2287 1008 2362 deciderint,
1031 2287 1157 2348 sonando

150 2378 268 2454 singula
290 2377 375 2435 milia
398 2377 490 2436 exisse
513 2376 683 2436 monebunt.
724 2395 863 2436 numerus
885 2395 956 2435 vero
980 2377 1158 2435 calculorum

152 2457 202 2547 lex
237 2467 297 2524 imo
330 2466 469 2525 collectus
501 2484 616 2524 summa
648 2465 747 2524 diurni
778 2461 935 2544 <itineris>
966 2466 1202 2525 miliauommuu

149 2573 304 2613 numerum
326 2554 478 2613 indicabit.

117 2648 133 2696 ὅ
218 2643 427 2720 Navigationis
457 2663 527 2703 vero
558 2643 695 2702 similiter
723 2644 827 2719 paucis
856 2643 944 2702 rebus
972 2643 1157 2702 commutatis

153 2731 272 2791 eaedem
299 2734 429 2792 rationes
455 2731 634 2791 efficiuntur.
679 2751 808 2807 namque
830 2731 968 2791 traicitur
990 2734 1157 2808 perlatura

225 2971 379 3026 lfrontem
402 2973 541 3042 (1611.
574 2975 583 3041 Ι
615 2971 808 3026 adenticulos
825 2989 853 3026 1.
885 2974 895 3042 ΙΙ
926 2977 1049 3044 lsuper
1070 2976 1158 3028 autem

151 3042 268 3113 planum
280 3061 308 3097 c.
323 3045 362 3113 ΙΙὸ
380 3042 410 3096 in
429 3043 519 3097 alteru
537 3043 726 3098 loculamenta
740 3043 778 3098 H.
797 3045 807 3113 ΙΙ
825 3048 840 3096 8
861 3043 988 3098 diuturni
1000 3063 1029 3100 cc.
1044 3047 1083 3114 Ι9
1101 3060 1156 3098 cum

151 3116 227 3187 rae(p
243 3115 278 3182 G,
292 3130 319 3167 -e
330 3114 427 3184 E)dae
441 3115 536 3183 (redae
553 3116 599 3185 (3⁶)
612 3114 704 3184 possit
716 3113 819 3170 exires.
834 3119 843 3182 Ι
858 3120 891 3168 10
906 3115 929 3168 b
943 3116 1001 3185 (Η)
1016 3133 1065 3170 om.
1076 3115 1141 3170 EG.

154 3191 185 3239 11
215 3187 258 3240 est
284 3201 335 3240 om.
355 3186 386 3240 E
412 3184 481 3255 (sive
509 3186 539 3239 1d
566 3186 584 3241 l.
613 3185 740 3241 foramen
762 3191 785 3240 ὃ.
813 3187 865 3240 fiat
886 3190 926 3240 sic
945 3186 981 3253 G,
1005 3203 1064 3241 uon
1081 3186 1130 3254 E).

153 3263 187 3311 14
207 3256 318 3328 singula
332 3257 400 3313 EG.
420 3259 430 3327 ΙΙ
449 3262 481 3310 17
500 3257 642 3326 tympania
657 3258 688 3312 E
702 3264 728 3312 et
745 3259 818 3326 (uate
837 3257 966 3325 1111)(1.
983 3259 988 3326 Ι
1004 3254 1155 3310 denticulus

153 3329 183 3382 E
200 3335 226 3384 et
243 3332 317 3398 (onte
335 3330 414 3397 corr.)
434 3328 467 3383 G.
495 3329 505 3397 ΙΙ
532 3328 731 3382 18111111.
757 3329 761 3394 Ι
788 3346 854 3382 1111
873 3329 923 3396 (sic
939 3329 1019 3393 iufra
1036 3329 1079 3397 oe)=
1098 3340 1156 3381 ecce

153 3401 217 3469 (bic)
235 3401 291 3522 md!
310 3404 344 3453 19
363 3397 607 3468 circumagitata.
626 3401 636 3468 ΙΙ
653 3405 686 3452 21
705 3417 731 3454 v.
751 3398 911 3470 intympani
924 3398 993 3453 EG.
1016 3399 1021 3468 Ι
1043 3396 1156 3453 simula

153 3469 249 3539 (semel
292 3468 1003 3551 ).ΙΙ1311111.ΙΙ25111111.Ι111111111Θῦ
1019 3467 1111 3524 diurni
1123 3484 1155 3521 m.

152 3557 180 3593 c.
199 3541 209 3608 Ι
227 3544 259 3592 27
279 3539 508 3609 navigationibus
527 3540 634 3609 (-1;)1.
657 3543 667 3609 ΙΙ
689 3546 722 3594 28
742 3541 841 3595 eadem
859 3542 1014 3595 retronea.
