2430 3922
110 161 176 225 302
435 160 472 215 M.
493 159 575 214 OETI
591 158 793 215 FAVENTINI

110 315 140 370 et
162 313 287 369 utuntur
308 309 488 369 viridissimo
507 310 612 369 colore.
648 309 722 368 haec
741 312 840 367 autem
859 310 1002 368 infectiva
1022 311 1128 386 appel·

109 401 218 458 lantur.
262 401 384 474 propter
405 399 539 473 inopiam
565 399 671 458 coloris
694 399 785 457 simili
806 399 895 456 modo
919 401 1035 458 cretam
1058 399 1127 457 seli·

109 489 226 546 nusiam
244 487 305 545 sive
325 486 492 545 anulariam
509 487 587 547 vitro
608 488 773 561 miscentes
796 486 876 562 quod
895 486 1003 546 Graeci
1024 504 1126 547 icoriv

110 578 227 650 vocant,
250 575 467 634 imitationibus
491 576 623 634 efficiunt
645 575 736 634 indici
760 577 896 636 colorem.

0 659 131 806 ζὶῗῒῇθ
208 656 211 746 l
228 662 374 732 Quoniam
392 663 430 722 ad
449 682 550 724 omnes
568 683 638 723 usus
661 682 782 723 normae
804 665 882 724 ratio
906 664 1059 724 subtiliter
1081 666 1162 727 111-51

89 756 209 812 event
196 752 368 827 wdetuna
386 754 449 812 sine
464 772 523 828 qua
540 754 616 811 nihil
633 753 749 811 utiliter
765 753 830 812 fieri
843 756 953 828 potest,
966 754 1023 812 hoc
1037 753 1127 813 modo

0 770 84 930 {⁹1¹3
72 777 129 941 ηῗξὶ
138 843 195 900 erit
209 841 399 917 disponenda.
432 845 586 900 sumantur
599 842 702 917 itaque
716 844 776 901 tres
789 841 920 918 regulae,
938 844 983 900 ita
998 844 1033 900 ut
1049 843 1126 901 duae

136 933 196 990 sint
213 930 323 1006 pedum
339 929 442 988 binum
466 934 496 988 et
515 931 606 990 tertia
626 930 737 989 habeat
758 931 847 1006 pedes
871 931 945 990 duos
968 931 1116 991 unciasx

109 1039 161 1079 eae
184 1020 304 1097 regulae
328 1020 447 1095 aequali
465 1019 660 1078 crassitudine
679 1019 860 1095 compositae
880 1019 1019 1079 extremis
1039 1038 1125 1078 cacu-

109 1108 236 1168 minibus
253 1099 257 1189 Ι
273 1109 435 1184 iungantur
453 1108 570 1167 schema
588 1109 730 1167 facientes
749 1109 869 1185 trigoni.
901 1108 943 1167 sio
956 1108 1010 1167 fiet
1027 1109 1124 1184 perite
1130 1120 1162 1164 111

110 1216 215 1256 norma
238 1198 411 1297 composita.

0 1287 11 1315 '³
29 1286 60 1320 ⁵¹·
91 1281 124 1320 1³⁰
204 1285 300 1344 Multa
313 1285 456 1360 variaque
470 1304 578 1361 genera
597 1289 666 1344 sunt
683 1285 914 1362 horologiorum,
932 1285 983 1345 sed
997 1285 1126 1361 pelecini

1 1335 122 1427 isitiiiliie
124 1378 170 1433 11
182 1374 350 1450 hemroycln
363 1375 459 1451 magis
473 1377 578 1450 aperta
592 1376 623 1432 et
636 1375 786 1449 sequenda
799 1373 1015 1434 ratioridetur.
1044 1374 1125 1448 pele-

1 1470 31 1553 {²
12 1457 104 1552 ¹ssts
139 1465 237 1522 cinum
265 1463 344 1521 enim
366 1463 552 1539 horologium
574 1462 683 1521 dicitur
711 1462 789 1538 quod
816 1483 851 1520 ex
874 1462 989 1522 duabus
1013 1462 1125 1522 tabulis

21 1566 82 1618 1,.1)
100 1543 291 1632 111111111111
309 1553 357 1610 vel
379 1551 505 1628 lapideis
528 1553 678 1627 superiore
694 1554 780 1627 parte
802 1551 960 1610 latioribus
982 1552 1162 1611 inferiore1⁵t

110 1640 329 1716 angustioribus
352 1640 547 1740 componitur,
575 1641 626 1700 sed
653 1641 727 1699 haec
749 1639 870 1698 tabulae
893 1641 1015 1716 aequali
1043 1659 1124 1699 men-

110 1747 179 1786 sura
206 1728 281 1786 fiunt
309 1732 338 1786 et
366 1728 463 1803 quinis
490 1728 577 1787 lineis
600 1728 719 1787 directis
742 1747 781 1787 no
782 1731 894 1804 tantur,
921 1731 957 1787 ut
979 1730 1125 1805 angulum

109 1817 223 1875 faciant
246 1817 297 1891 qui
320 1820 433 1874 sextam
455 1818 560 1876 horam
583 1817 722 1895 signabit.
763 1817 849 1876 semis
874 1836 945 1894 ergo
968 1819 1041 1876 ante
1063 1818 1124 1893 pri·

109 1924 189 1963 mam
222 1908 252 1963 et
279 1905 366 1964 semis
398 1908 466 1980 post
491 1906 678 1964 undecimam
705 1905 886 1982 supplebunt
912 1924 958 1964 111
984 1924 1124 1965 numeros

109 1994 257 2053 horarum.
294 1994 345 2054 sed
365 1986 369 2074 l
389 1994 497 2054 iunctis
515 1995 681 2070 aequaliter
703 1998 772 2053 ante
796 1998 825 2053 et
849 1994 977 2054 extensis
1000 1995 1162 2068 tabuliswl

109 2084 142 2141 in
160 2084 268 2160 angulo
288 2102 402 2142 summo
419 2084 574 2142 iuncturae
593 2084 735 2142 circinum
752 2083 824 2160 figes
844 2087 874 2142 et
892 2084 1004 2161 angulo
1023 2084 1122 2159 proxi-

109 2193 192 2230 mum
214 2172 356 2231 circulum
377 2163 486 2253 faloies,
510 2191 528 2230 a
552 2191 610 2248 quo
627 2172 757 2248 primum
775 2172 871 2231 lineae
893 2172 1036 2232 horarum
1054 2179 1162 2248 par-81

109 2262 184 2320 titae
212 2261 377 2337 aequaliter
398 2263 548 2320 notantur.
593 2262 666 2319 item
693 2261 786 2319 alium
811 2261 956 2319 maiorem
978 2261 1124 2320 circulum

111 2349 147 2407 ab
171 2350 273 2408 eodem
296 2352 405 2425 puncto
429 2349 566 2427 angulari
588 2351 688 2425 facies,
712 2351 763 2425 qui
785 2369 878 2425 prope
898 2368 980 2407 oram
1004 2350 1123 2408 tabula·

109 2459 175 2496 rum
193 2439 333 2516 attingat,
351 2439 389 2496 ad
408 2457 496 2514 quem
510 2439 631 2497 aestivis
648 2437 830 2514 temporibus
844 2438 1001 2514 gnomonis
1016 2438 1123 2497 umbra
1136 2456 1162 2497 aa

109 2528 252 2601 pervenit.
306 2520 480 2608 subtilitasl
506 2546 575 2604 ergo
608 2527 735 2603 disparis
766 2546 920 2586 mensurae
953 2527 989 2584 de
1023 2527 1122 2602 spatio
1132 2537 1161 2587 (⁵)

110 2615 249 2673 horarum
272 2616 453 2690 expectanda
475 2635 535 2674 non
559 2618 613 2690 est,
636 2616 754 2691 quando
774 2615 856 2673 aliud
873 2616 969 2674 maius
989 2619 1021 2674 et
1039 2616 1123 2674 aliud

110 2703 206 2761 minus
229 2703 416 2781 horologium
437 2705 509 2779 poni
533 2705 654 2764 solitum
676 2704 821 2778 videatur,
849 2707 880 2762 et
907 2724 967 2764 non
990 2705 1122 2780 amplius

109 2811 203 2868 paene
226 2792 262 2850 ab
282 2792 418 2852 omnibus
441 2795 499 2852 nisi
522 2797 615 2868 quota
638 2793 678 2852 sit
700 2793 796 2852 solum
817 2792 930 2869 inquiri
952 2792 1122 2852 festinetur.

109 2900 238 2958 gnomon
260 2881 362 2956 itaque
384 2881 416 2939 in
439 2883 549 2959 angulo
573 2900 687 2942 summo
714 2882 868 2941 iuncturae
895 2881 1054 2957 paululum
1076 2883 1161 2941 111-11

109 2970 195 3028 clinis
217 2971 347 3046 ponitur,
371 2970 422 3045 qui
445 2970 550 3029 umbra
572 2989 626 3030 sua
643 2971 731 3030 horas
752 2963 756 3051 Ι
777 2970 919 3047 designet.
958 2973 1162 3032 constituisset

109 3062 210 3117 autem
227 3058 374 3136 horologii
391 3062 509 3134 partem
527 3078 586 3135 qua
604 3059 748 3118 decimam
765 3059 870 3117 horam
883 3059 1002 3117 notabit
1017 3063 1122 3119 contra

110 3148 252 3206 orientem
280 3147 542 3224 aequinoctialem,
573 3148 651 3208 sicut
682 3149 718 3207 de
750 3148 891 3224 exemplis
921 3148 1122 3206 multifariam

109 3237 303 3312 cognoscitur.
339 3236 527 3314 horologium
549 3240 649 3296 autem
672 3236 751 3313 quod
772 3237 969 3312 hemicyclion
988 3237 1122 3313 appella-

108 3329 159 3384 tur
181 3325 272 3383 simili
294 3325 382 3384 modo
405 3326 441 3383 de
463 3325 563 3400 lapide
585 3327 633 3386 vel
657 3327 692 3385 de
715 3345 861 3385 marmore
883 3344 952 3401 uno,
976 3329 1158 3400 quattuorue

108 3413 243 3489 partibus
262 3432 378 3472 sursum
395 3413 551 3474 latioribus
564 3414 643 3473 infra
657 3413 876 3492 angustioribus
892 3405 896 3495 l
913 3418 1119 3490 componatur,
1128 3423 1162 3476 (1⁵3

108 3502 152 3560 ita
175 3506 209 3560 ut
232 3502 269 3560 ab
293 3505 361 3561 ante
381 3505 411 3560 et
429 3520 447 3560 1
465 3505 549 3579 tergo
568 3504 688 3564 latiores
706 3506 807 3580 partes
825 3502 943 3577 habeat,
967 3503 1019 3562 sed
1037 3504 1119 3562 frons
