2416 3922
321 168 370 222 DE
389 166 668 223 ARCHITECTURA
686 167 752 222 LIB.
773 168 824 221 Vll
1016 168 1078 231 155

64 318 151 378 nobis
174 319 281 378 traditi
304 318 458 394 explicare.
504 337 587 394 reges
611 318 736 377 Attalici
759 319 874 396 magnis
897 319 1078 395 philologiae
1097 334 1114 382 4

64 407 270 466 dulcedinibus
292 407 408 466 inducti
430 427 497 466 cum
525 407 675 484 egregiam
697 407 917 484 bybliothecam
939 407 1078 484 Pergami

64 496 102 555 ad
126 515 313 556 communem
335 497 561 555 delectationem
583 496 796 571 instituissent,
819 499 890 555 tunc
913 497 986 554 item
1008 495 1077 555 Pto-

10 587 200 647 (¹⁰)lomaeus
220 579 225 664 Ι
245 585 361 644 infinito
390 586 452 644 zelo
480 584 711 661 cupiditatisque
734 585 874 645 incitatus
898 586 995 644 studio
1020 604 1078 643 non

37 674 229 735 eminoribus
247 674 401 734 industriis
420 674 457 732 ad
471 674 596 732 eundem
609 674 730 732 modum
744 675 936 733 contenderat
949 674 1077 732 Alexan-

61 763 147 822 driae
166 781 347 838 comparare.
384 781 450 821 cum
469 765 570 821 autem
587 781 704 820 summa
724 762 879 840 diligentia
898 763 1078 838 perfecisset,

62 871 123 911 nou
146 852 269 928 putavit
289 852 321 910 id
340 852 413 912 satis
432 869 495 911 esse
513 851 571 909 nisi
588 851 854 928 propagationibus
873 852 1077 910 inseminando

63 943 184 999 curaret
212 940 385 1018 augendam.
431 940 533 1016 itaque
556 939 649 998 Musis
673 943 703 998 et
725 941 860 1016 Apollini
889 941 972 998 ludos
997 941 1076 998 dedi-

15 1029 145 1092 llllcavit
172 1031 204 1088 ct
231 1020 487 1110 quemladmodum
514 1029 696 1088 athletarum
721 1029 763 1087 sic
785 1029 985 1088 communium
1007 1031 1076 1087 scri-

29 1121 186 1194 roptorum
207 1117 369 1178 victoribus
393 1118 525 1193 praemia
549 1120 579 1176 et
605 1117 730 1176 honores
754 1118 918 1176 constituit.
963 1118 1010 1177 his
1033 1118 1076 1176 ita
1095 1132 1110 1179 5

61 1206 212 1265 institutis
235 1225 302 1265 cum
324 1207 388 1265 ludi
410 1207 556 1281 adessent,
579 1206 690 1264 iudices
712 1206 840 1265 litterati
862 1206 913 1281 qui
937 1222 985 1264 eos
1009 1226 1076 1281 pro·

61 1295 171 1354 barent
198 1296 282 1354 erant
309 1295 435 1372 legendi.
484 1315 536 1354 rex
564 1314 631 1353 cum
657 1294 719 1352 iam
746 1314 795 1355 sex
824 1295 954 1353 civitatis
985 1295 1075 1353 lectos

61 1383 217 1442 habuisset
234 1404 287 1443 uec
305 1387 369 1442 tam
387 1385 446 1442 cito
465 1386 635 1458 septumum
648 1384 787 1443 idoneum
800 1384 956 1457 inveniret,
974 1384 1077 1442 retulit

24 1472 101 1536 lbed
134 1491 185 1532 eos
219 1473 270 1548 qui
301 1491 393 1549 supra
414 1467 417 1550 l
438 1472 657 1549 bybliothecam
688 1474 808 1531 fuerimt
835 1475 866 1531 et
894 1472 1022 1548 quaesiit
1051 1473 1077 1532 si

27 1579 48 1621 re
62 1581 153 1637 quem
176 1561 330 1620 novissent
352 1561 445 1620 adid
473 1561 650 1637 expeditum.
695 1564 767 1620 tunc
795 1562 823 1620 ei
850 1561 987 1620 dixerunt
1013 1580 1076 1621 esse

62 1650 213 1726 quendam
231 1649 461 1726 Aristophanen,
484 1651 536 1726 qui
559 1669 674 1709 summo
698 1651 797 1709 studio
818 1667 991 1726 summaque
1010 1651 1076 1708 dili-

61 1739 165 1816 gentia
189 1739 297 1798 cotidie
320 1758 421 1798 omues
449 1739 540 1798 libros
564 1759 599 1797 ex
622 1739 724 1798 ordine
753 1740 928 1816 perlegeret.
973 1740 1076 1815 itaque

62 1828 214 1887 conventu
250 1827 386 1886 ludorum
423 1846 490 1886 cum
525 1830 654 1886 secretae
686 1828 768 1887 sedes
800 1828 946 1888 iudicibus
978 1832 1077 1887 essent

13 1925 52 1978 (2⁵)
62 1915 250 1990 distributae,
274 1935 341 1975 cum
364 1916 468 1975 ceteris
491 1916 705 1992 Aristophanes
727 1911 730 1994 l
752 1917 861 1976 citatus
886 1918 1075 1993 quemadmo-

24 2004 134 2065 aodum
165 2005 265 2063 fuerat
296 2006 377 2064 locus
406 2005 433 2062 ei
460 2005 631 2082 designatus
660 2005 744 2064 sedit.
794 2006 890 2080 primo
920 2009 1110 2080 poetarume

10 2101 49 2158 ,57
62 2093 165 2152 ordine
193 2093 232 2151 ad
255 2093 449 2152 certationem
475 2093 598 2152 inducto
623 2113 690 2152 cum
714 2095 910 2153 recitarentur
930 2089 933 2170 l
955 2095 1076 2170 scripta,

60 2182 190 2258 populus
217 2184 341 2242 cunctus
372 2181 565 2259 significando
593 2182 732 2240 mouebat
760 2183 871 2241 iudices
900 2182 979 2257 quod
1008 2202 1075 2258 pro-

59 2270 175 2329 barent
220 2269 323 2346 itaque
351 2291 418 2329 cum
445 2271 482 2328 ab
510 2271 635 2348 singulis
658 2270 822 2329 sententiae
847 2273 916 2329 sunt
942 2272 1075 2347 rogatae,

60 2377 112 2418 sex
134 2377 196 2417 una
219 2359 356 2418 dixerunt
379 2362 410 2418 et
432 2379 520 2434 quem
538 2361 665 2417 maxime
684 2359 958 2418 animadverterunt
974 2359 1075 2416 multi-

23 2467 47 2510 as
59 2447 160 2506 tudini
182 2447 342 2523 placuisse,
365 2448 393 2508 ei
415 2449 545 2524 primum
567 2449 746 2524 praemium,
774 2447 944 2524 insequenti
973 2466 1075 2506 secun-

23 2536 132 2600 (eldum
154 2531 158 2616 l
178 2535 354 2595 tribucnmt.
390 2536 606 2613 Aristophanes
625 2555 695 2596 vero
718 2555 786 2595 oum
808 2536 846 2595 ab
870 2528 904 2595 eo
928 2538 1075 2596 sententia

59 2627 227 2703 rogaretur,
246 2645 313 2684 eum
331 2625 460 2701 primum
473 2626 639 2684 renuntiari
657 2625 744 2684 iussit
759 2625 810 2701 qui
828 2625 950 2684 minime
963 2626 1074 2701 populo

59 2714 231 2791 placuisset.
277 2733 344 2772 cum
370 2717 471 2773 autem
497 2733 548 2772 rex
576 2716 607 2774 et
634 2714 764 2773 universi
787 2715 976 2775 vehementer
998 2715 1108 2775 iudi-'l

60 2805 239 2881 guarentur,
266 2802 394 2863 surrexit
411 2806 452 2861 'et
478 2805 610 2880 rogando
638 2803 813 2879 impetravit
840 2806 875 2862 ut
901 2807 1076 2880 paterentur

134 3023 346 3094 lRegisH(·as
356 3025 419 3094 ΘΒ)
436 3024 471 3097 lla
485 3024 544 3094 by(i
553 3024 836 3093 GffibliothecamH.
846 3025 856 3098 ll
866 3031 882 3078 3
892 3025 1032 3096 ptc(ptho·
1040 3026 1075 3092 G,

59 3081 115 3166 plia
130 3095 272 3160 Sllomeue
287 3096 326 3150 H.
349 3098 358 3165 ΙΙ
380 3095 542 3150 lincitatis
557 3096 591 3149 H
606 3097 675 3167 (tus
691 3096 762 3167 GS).
786 3101 796 3161 ΙΙ
818 3103 834 3150 o
854 3096 1034 3152 contenderet
1048 3097 1075 3152 G

59 3168 131 3235 (rat
148 3165 227 3237 Hs).
251 3168 260 3236 ΙΙ
283 3172 299 3220 8
320 3165 445 3236 apolloni
464 3168 498 3222 G.
521 3169 531 3236 ll
555 3172 587 3220 11
607 3183 667 3221 eos:
687 3183 721 3221 ea
737 3186 766 3223 cc.
784 3170 794 3237 ΙΙ
814 3174 845 3221 12
864 3184 912 3221 rex
931 3167 966 3221 Η
969 3167 1006 3222 G:
1026 3183 1075 3220 sex

60 3238 88 3294 S.
118 3240 123 3308 Ι
154 3253 203 3292 sex
226 3236 364 3292 civitatis:
387 3254 422 3292 ex
444 3236 570 3292 civitatis
588 3238 645 3308 (H,
673 3240 728 3292 -tes
756 3246 819 3293 ante
846 3256 900 3294 ras.
920 3238 949 3306 S,
976 3240 1017 3292 -te
1035 3238 1075 3306 80,

59 3307 153 3363 -tibus
168 3309 206 3378 G)
218 3325 247 3363 a.
261 3311 271 3378 ΙΙ
286 3314 318 3362 13
334 3311 445 3379 septu(y
456 3309 490 3376 G,
504 3308 637 3379 iSlmum
646 3309 684 3364 Η.
702 3312 706 3380 Ι
722 3309 826 3364 rtrullit
839 3312 898 3378 (sic)
909 3310 943 3363 H
954 3308 1076 3378 (rettulit

58 3381 135 3436 colas
149 3379 188 3449 S).
207 3381 242 3448 cf.
261 3378 417 3434 retulerunt
434 3397 455 3435 a
472 3384 518 3446 85,
526 3383 574 3435 22.
598 3383 607 3450 u
631 3386 665 3435 14
682 3380 743 3452 by(i
756 3379 962 3449 S)bliotheeam
976 3380 1047 3435 HG.
1065 3380 1076 3453 A

61 3455 95 3504 16
115 3449 318 3520 aristophanan
334 3451 368 3504 H
371 3451 412 3506 8⁶:
432 3456 480 3505 -ub
495 3452 522 3507 G
540 3457 565 3506 et
583 3457 645 3506 acte
663 3469 718 3506 ras.
738 3452 838 3520 &1124
862 3450 992 3505 dixerunt
1005 3451 1073 3507 HS:

59 3521 224 3576 direxerunt
243 3521 278 3577 G.
305 3523 314 3590 ΙΙ
341 3527 375 3574 27
395 3538 471 3576 eumz
491 3527 524 3576 cii
544 3522 571 3578 S.
594 3525 603 3592 ll
626 3527 660 3576 29
678 3521 830 3592 imperavit
847 3540 874 3576 x.
