2416 3922
117 157 180 220 156
265 108 269 116 Ι
539 157 703 212 VITRUVII

117 326 147 366 se
170 307 274 364 dicere.
320 307 423 382 itaque
447 306 565 366 silentio
588 308 668 366 facto
692 308 794 366 docuit
815 326 912 366 unum
935 327 971 366 ex
993 309 1040 366 his
1063 327 1125 366 eum

117 414 179 454 csse
207 399 336 470 poetam,
356 391 361 473 l
382 397 494 454 ceteros
522 396 620 453 aliena
647 396 832 471 recitavisse,
864 399 1004 472 oportere
1031 400 1164 460 autemut

116 483 281 542 iudicantes
304 503 364 542 non
391 485 472 542 furta
495 484 547 542 sed
574 485 684 560 scripta
708 485 841 560 probare.
887 485 1057 544 admirante
1078 504 1125 561 po-

116 573 188 649 pulo
216 575 246 630 et
267 591 337 648 rege
361 571 529 647 dubitante,
556 573 649 632 fretus
675 574 817 632 memoria
841 593 857 633 e
880 574 969 633 certis
994 575 1126 633 armariis

116 661 233 719 infinita
260 662 413 720 volumina
440 661 542 719 eduxit
569 665 599 720 et
634 681 668 720 ea
696 681 763 720 cum
788 663 922 721 recitatis
953 663 1146 722 conferendos

117 751 215 826 coegit
236 750 317 825 ipsos
340 751 455 809 furatos
478 750 514 808 de
538 769 568 810 se
588 751 730 810 confiteri.
766 752 869 826 itaque
887 770 939 810 rex
956 751 1047 811 iussit
1064 769 1127 810 cum

116 839 163 898 his
200 839 250 915 agi
285 839 360 896 furti
397 838 665 915 condemnatosque
686 836 690 918 l
711 860 780 898 cum
810 839 977 917 ignominia
1010 839 1165 915 dimaitcs

117 927 337 1003 Aristophanen
355 946 425 986 vero
445 928 635 1004 amplissimis
654 929 825 988 muneribus
849 929 968 988 ornavit
992 933 1025 988 et
1042 946 1126 1005 supra

65 1027 97 1077 ”8
116 1016 336 1091 bybliothecam
359 1016 522 1076 constituit.
562 1017 787 1092 insequentibus
810 1018 894 1076 annis
919 1017 1127 1078 aMacedonia

117 1105 231 1181 Zoilus,
256 1106 308 1181 qui
330 1105 488 1181 adoptavit
510 1124 672 1183 cognomen
698 1109 734 1164 ut
755 1106 998 1166 Homeromastix
1020 1107 1156 1166 vocito-a

116 1197 207 1268 retur,
225 1194 439 1252 Alexandriam
456 1195 539 1252 venit
562 1213 673 1271 suaque
698 1195 809 1271 scripta
832 1198 936 1253 contra
953 1194 1082 1254 Iliadem
1101 1197 1127 1253 et

118 1281 270 1359 Odyssean
289 1286 461 1358 comparata
484 1283 548 1360 regi
570 1284 717 1342 recitavit.
754 1276 954 1365 Ptollomaeus
972 1303 1046 1344 vero
1064 1293 1166 1345 cumbb

118 1372 377 1431 animadvertisset
404 1374 560 1447 poetarum
586 1375 742 1448 parentem
768 1372 1012 1449 philologiaeque
1036 1373 1126 1432 omnis

117 1461 222 1519 ducem
240 1461 392 1520 absentem
405 1461 507 1518 vexari
524 1463 555 1518 et
572 1462 654 1520 cuius
673 1461 711 1519 ab
730 1462 842 1520 cunctis
861 1461 1001 1538 gentibus
1020 1461 1126 1537 scripta

118 1549 336 1625 suspicerentur
359 1549 396 1606 ab
419 1568 454 1608 co
477 1550 655 1625 vituperari,
676 1550 835 1626 indignans
858 1549 975 1607 nullum
999 1551 1029 1609 ei
1051 1549 1156 1610 dedito

117 1656 299 1712 responsum.
350 1637 449 1697 Zoilus
478 1642 578 1696 autem
606 1658 673 1697 cum
700 1639 811 1698 diutius
838 1639 870 1696 in
896 1657 990 1715 regno
1018 1639 1127 1713 fuisset,

118 1726 220 1800 inopia
247 1744 365 1801 pressus
393 1727 541 1785 summisit
568 1727 606 1785 ad
633 1746 733 1804 regem
757 1726 912 1803 postulans
935 1729 971 1785 ut
991 1720 996 1804 Ι
1018 1726 1164 1803 eliquidco

84 1814 176 1877 osibi
202 1815 388 1873 tribueretur.
433 1834 485 1873 rex
511 1835 581 1875 vero
609 1816 794 1891 respondisse
821 1816 930 1874 dicitur
957 1815 1127 1890 Homerum,

121 1904 172 1978 qni
204 1907 273 1961 ante
306 1922 398 1962 annos
430 1904 512 1962 mille
544 1905 730 1979 decessisset,
762 1923 835 1964 aevo
862 1907 1009 1980 perpetuo
1038 1905 1128 1962 multa

117 1992 202 2050 milia
224 1993 378 2052 hominum
399 2011 533 2068 pascere,
558 1995 631 2052 item
653 1993 758 2051 debere
782 1994 834 2069 qui
856 1993 979 2051 meliore
1002 1986 1172 2076 inigeniollt

119 2099 150 2139 se
181 2081 370 2157 profiteretur
396 2101 456 2141 non
487 2082 575 2140 modo
603 2102 695 2140 unum
721 2082 772 2141 sed
805 2083 896 2140 etiam
923 2082 1026 2156 plures
1054 2082 1156 2144 aleran

118 2188 212 2245 posse.
259 2173 289 2228 et
317 2170 354 2228 ad
384 2189 530 2229 summam
556 2189 635 2230 mors
664 2171 727 2229 eius
755 2173 790 2228 ut
816 2170 970 2246 parricidii
998 2171 1127 2229 damnati

118 2260 200 2317 varie
232 2262 421 2318 memoratur.
476 2259 529 2316 alii
561 2260 639 2317 enim
671 2260 852 2334 scripserunt
883 2277 901 2316 a
932 2259 1127 2335 Philadelpho

119 2366 182 2407 esse
209 2349 241 2406 in
268 2366 384 2406 crucem
410 2347 513 2422 fixum,
539 2348 675 2407 nonnulli
698 2346 765 2406 Ohii
788 2349 815 2406 ei
837 2347 953 2422 lapides
978 2366 1044 2408 esse
1066 2367 1128 2408 eon·

118 2438 219 2511 iactos,
242 2437 295 2494 alii
317 2427 470 2518 Zmyrinae
492 2437 595 2495 vivum
616 2437 648 2494 in
667 2455 774 2512 pyram
792 2437 967 2495 coniectum.
1005 2446 1172 2513 quorumub]

118 2529 219 2582 utrum
246 2526 274 2583 ei
301 2526 454 2599 acciderit,
486 2526 611 2583 merenti
638 2526 729 2602 digna
757 2524 891 2584 constitit
917 2544 1025 2601 poena.
1074 2544 1128 2584 non

119 2614 198 2671 enim
216 2613 305 2671 aliter
321 2613 440 2672 videtur
456 2615 617 2689 promereri
636 2615 688 2690 qui
706 2616 781 2672 citat
799 2632 848 2673 eos
868 2632 995 2689 quorum
1012 2633 1127 2691 respon-

119 2720 193 2779 sum,
217 2702 288 2778 quid
312 2702 456 2761 senserint
479 2702 648 2777 scribentes,
670 2722 730 2761 non
752 2705 852 2778 potest
874 2721 975 2761 eoram
997 2703 1127 2762 indicari.

67 2808 100 2854 10
120 2809 174 2867 ego
202 2809 285 2865 vere,
313 2789 434 2867 Caesar,
461 2810 557 2867 neque
585 2792 689 2850 alicnis
716 2791 862 2850 indicibus
889 2793 1016 2851 mutatis
1043 2793 1127 2851 inter-

190 3021 205 3067 2
229 3006 407 3084 oportereat2
421 3015 464 3070 GC.
488 3017 497 3082 ΙΙ
519 3020 536 3066 4
554 3014 705 3068 memoriae
728 3013 812 3068 certis
836 3015 877 3077 (id
899 3019 938 3068 est
960 3015 1127 3070 memoriae

118 3085 213 3154 certis)
232 3085 276 3141 H:
299 3085 442 3139 memoria.
479 3084 563 3138 certis
583 3085 611 3152 S,
633 3085 767 3159 memorie
786 3084 869 3139 certis
889 3085 922 3139 G.
951 3088 961 3155 ΙΙ
989 3083 1128 3140 inimisit

119 3156 186 3212 HS:
207 3155 321 3210 demisit
341 3157 374 3211 G.
394 3159 404 3226 ll
425 3162 440 3208 8
461 3155 661 3224 aristophanen
679 3158 738 3226 (sic)
755 3175 783 3211 a.
803 3159 812 3226 ll
831 3163 846 3210 9
865 3154 1087 3227 byblio(biblyo-
1100 3155 1127 3221 S,

118 3227 221 3281 biblio·
235 3227 383 3297 G)thecam
397 3228 436 3281 H.
458 3229 462 3296 Ι
482 3227 667 3281 machedonis
685 3245 712 3282 a.
736 3229 746 3297 ΙΙ
769 3233 802 3280 10
820 3227 934 3281 homero
953 3227 1061 3282 mastix
1076 3246 1102 3284 a.
1117 3224 1127 3297 ΙΙ

120 3302 151 3351 11
171 3298 278 3353 iliaden
297 3300 325 3352 et
343 3296 468 3352 odissian
485 3316 513 3352 cr.
533 3300 542 3368 ΙΙ
561 3305 593 3351 12
612 3298 755 3368 pto(phto-
770 3297 911 3367 S)lomeus
926 3298 960 3353 H
964 3300 998 3354 θ,
1014 3301 1024 3369 u
1040 3304 1072 3353 lo
1089 3299 1125 3353 in·

119 3369 239 3439 dignans
256 3371 294 3425 G:
313 3386 376 3422 -nus
391 3369 454 3424 HS.
469 3371 479 3439 Η
494 3375 526 3421 17
542 3385 668 3438 pressum
685 3371 741 3439 (ed
756 3369 789 3438 S)
809 3367 951 3423 summisit
965 3370 997 3423 H
1003 3375 1039 3438 (τ’,
1056 3386 1125 3440 pres·

119 3458 165 3494 sus
188 3441 267 3494 misit
287 3442 321 3496 G.
353 3443 362 3510 ll
377 3493 379 3497 ,
394 3446 428 3493 24
450 3456 531 3494 cruce
550 3440 577 3495 S.
608 3443 612 3509 l
642 3439 704 3495 Chii
728 3440 766 3495 ci:
790 3456 855 3494 cuer
872 3441 907 3495 H
911 3440 953 3507 θ,
975 3457 1060 3496 cunei
1077 3438 1126 3566 SA!

119 3517 152 3564 25
168 3511 329 3583 zmirnaetp
340 3512 368 3578 S,
381 3528 408 3565 -e
420 3512 456 3581 G)
470 3514 545 3566 sicr.
563 3513 567 3581 Ι
583 3512 678 3566 vivom
687 3512 725 3565 H.
741 3513 750 3581 ΙΙ
764 3517 797 3565 ab
812 3511 919 3565 alienas
934 3518 999 3567 aare
1012 3530 1082 3569 corr.
1119 3552 1124 3563 .
