2416 3922
301 190 409 245 LIBER
426 191 533 246 ARTIS
553 190 893 246 ARCHITEGTONIGAE
1037 191 1100 256 297

91 342 219 400 maiores
246 341 361 417 lapides
389 341 506 400 contusi
536 360 603 400 curn
633 341 712 400 calce
741 336 840 420 mixti]
870 342 994 417 inpensa
1024 361 1102 402 cras·

93 432 165 491 siori
191 430 293 488 induci
320 430 438 490 debebit
465 450 501 489 ne
528 431 626 488 minus
653 430 847 489 crassitudine
879 430 1039 508 digitorum
1061 449 1101 490 va

93 523 196 578 exacto
223 521 393 594 pavimento
421 519 458 577 ad
486 519 622 597 regulam
649 522 679 578 et
705 518 838 577 libellam
864 537 955 596 supra
977 521 1102 596 inpensa

92 611 223 667 testacea
250 609 369 668 mollior
394 608 562 683 inducatur,
589 611 619 667 et
648 609 746 667 siccet.
796 610 861 666 tum
891 611 944 666 aut
972 627 1104 667 marmor

47 697 198 761 ⁰l⁵sectile
213 700 267 756 eut
282 700 411 756 tesserae
429 700 484 755 aut
502 697 618 756 scutula
631 700 685 754 aut
701 697 820 773 trigona
835 699 887 755 aut
903 689 986 779 11111
1002 717 1103 773 super·

92 788 283 861 inponantur,
311 789 342 845 et
367 804 460 861 usque
488 804 521 844 ec
549 786 672 844 fricetur
694 789 728 845 ut
752 785 907 844 iuncturae
929 786 978 845 vel
1001 787 1104 864 anguli

92 875 223 934 interae
251 875 441 950 conveniant,
467 877 539 933 tunc
567 876 623 933 erit
649 875 781 950 perfecie
802 875 953 933 tricatura.
996 875 1102 950 quodsi

92 965 221 1040 facultas
244 983 303 1022 non
326 965 383 1022 erit
405 964 482 1022 unde
504 963 733 1041 superfigantur,
759 981 797 1020 ne
825 965 877 1021 aut
903 963 1027 1022 lacunae
1050 966 1103 1022 eut

91 1052 201 1111 tumuli
232 1052 305 1130 sint,
338 1052 375 1111 ad
405 1052 540 1129 regulam
570 1052 714 1110 fricatura
746 1052 921 1110 extendatur
951 1055 981 1110 et
1012 1071 1102 1128 supra

51 1160 79 1200 ro
92 1159 222 1200 marmor
243 1145 364 1200 tunsum
385 1143 557 1200 incernatur
579 1143 631 1199 aut
653 1141 763 1200 harena
786 1158 853 1198 cum
875 1141 955 1199 calce
981 1140 1103 1199 inducta

47 1240 82 1291 1⁵)
92 1221 241 1312 policitur.
277 1230 331 1289 sub
350 1230 418 1291 divo
436 1231 564 1288 maxime
582 1229 704 1289 vitanda
723 1232 792 1288 eunt
814 1229 899 1288 finita
921 1230 1102 1305 pavimenta,

92 1320 234 1395 quoniam
261 1319 372 1396 frigore
403 1321 433 1377 et
463 1337 564 1377 umore
594 1337 681 1394 saepe
711 1321 947 1394 corrumpuntur.
997 1317 1048 1377 sed
1076 1318 1102 1377 si

92 1407 251 1466 necessitas
280 1411 333 1466 aut
354 1408 493 1466 voluntas
519 1408 616 1466 facere
643 1407 789 1481 hortatur,
815 1408 892 1466 hanc
915 1408 1011 1483 operis
1035 1406 1102 1465 sub-

91 1497 235 1555 tilitatem
262 1495 401 1556 servabis.
446 1496 544 1556 missis
571 1498 604 1554 in
630 1495 762 1555 ordinem
784 1496 896 1555 tabulis
920 1499 950 1555 11
973 1495 1047 1554 alies
1069 1495 1102 1567 in

52 1603 78 1644 15
92 1588 308 1659 transversum,
330 1586 407 1644 sicut
430 1603 520 1661 supra
542 1587 740 1644 monstratum
763 1588 821 1659 est,
845 1586 883 1643 ad
904 1584 1102 1662 tignationem

49 1674 223 1752 ²⁰)configee
247 1677 277 1732 et
299 1674 416 1749 paleam
439 1677 491 1732 eut
513 1665 629 1756 fililcem
653 1693 741 1749 super
759 1674 923 1750 aequaliter
941 1676 1053 1733 sternes
1072 1677 1103 1732 et

92 1763 230 1823 loricatis
253 1762 289 1821 de
312 1780 383 1822 saxo
406 1763 459 1839 qui
481 1781 605 1822 manum
623 1765 718 1839 possit
735 1763 866 1839 implere.
904 1782 992 1840 super
1009 1762 1101 1821 rudus

92 1852 260 1929 pedaneum
280 1851 403 1910 induces
426 1856 456 1911 et
478 1852 611 1911 vectibus
633 1852 740 1930 ligneis
762 1854 934 1928 frequenter
956 1851 1102 1926 densabiS,

93 1945 124 2000 et
147 1943 307 2016 antequam
328 1940 420 1999 rudus
443 1941 595 2016 siccescat,
617 1943 734 2018 tegulas
759 1942 919 2016 quadratas
941 1940 1103 2016 bipedaleS,

51 2047 79 2087 ao
93 2048 172 2106 quae
193 2049 247 2104 per
270 2029 369 2089 omnia
391 2030 487 2087 latera
510 2029 690 2088 canaliculos
712 2029 824 2088 habent
846 2029 999 2106 digItales,
1023 2029 1101 2086 calce

47 2119 162 2178 1511111
186 2137 220 2176 ex
243 2118 307 2177 olec
330 2119 497 2193 temperata
522 2117 670 2176 frontibus
691 2110 695 2198 1
715 2118 886 2194 tegularum
909 2135 969 2192 qua
992 2116 1102 2174 canali·

93 2208 154 2266 culi
177 2211 264 2265 erunt
285 2206 422 2283 implebis
446 2209 476 2264 et
503 2207 545 2264 sic
567 2207 683 2265 iunctas
707 2225 797 2281 supra
820 2207 912 2264 rudus
935 2223 1102 2280 compones,

92 2299 128 2354 ut
159 2295 307 2373 margines
338 2296 509 2373 tegularum
537 2313 603 2353 cum
630 2296 709 2354 calce
739 2294 947 2369 comprehendi
978 2293 1102 2370 possint.

47 2391 171 2460 1811111
203 2403 250 2443 res
282 2403 348 2443 cum
380 2384 535 2444 siccaverit
568 2384 653 2459 quasi
685 2404 779 2442 unum
811 2401 917 2458 corpus
953 2377 1103 2459 11111111

52 2473 209 2532 1111111111
242 2492 376 2532 umorem
403 2473 442 2531 ad
468 2472 610 2532 inferiora
637 2473 783 2532 admittet.
832 2474 937 2547 postea
963 2471 1102 2529 nucleum

92 2581 143 2622 sex
174 2562 338 2638 digitorum
368 2562 502 2637 induces,
539 2564 569 2619 et
599 2563 772 2637 frequenter
802 2559 923 2619 fricabis
954 2580 991 2619 ne
1023 2563 1102 2619 setas

91 2651 196 2727 faciat,
229 2654 259 2710 et
290 2654 433 2710 tesseram
465 2651 590 2709 duorum
617 2655 671 2709 aut
697 2651 789 2709 trium
816 2649 979 2726 digitorum
1007 2649 1102 2708 latam

92 2758 184 2816 supra
200 2739 341 2815 inprimes
356 2742 410 2797 aut
426 2739 545 2798 tabulas
559 2757 900 2816 quammagnascumque
914 2757 1102 2813 marmoreas,

52 2838 83 2890 (⁵)
92 2832 127 2887 ut
149 2828 232 2887 nullo
253 2820 257 2909 Ι
277 2829 364 2889 modo
387 2828 502 2887 fabrica
519 2828 622 2887 vitiari
638 2829 742 2904 possit.
778 2827 804 2886 si
824 2827 889 2902 quis
913 2831 1013 2886 autem
1036 2826 1101 2884 dili-

52 2917 212 2995 agentius
234 2918 331 2976 facere
349 2917 439 2990 volet,
462 2916 597 2975 omnibus
615 2917 701 2976 annis
720 2919 789 2975 ante
806 2916 932 2974 hiemem
949 2915 1101 2973 iuncturas

93 3006 195 3065 axium
216 3006 348 3065 faecibus
370 3005 517 3082 perungui
535 3006 637 3065 faciat.
672 3008 804 3064 testacea
823 3006 937 3081 spicata
955 3003 1102 3063 tiburtina

92 3095 158 3172 pari
180 3094 268 3153 modo
290 3094 442 3154 fricaturis
465 3097 496 3152 et
517 3093 713 3169 politionibus
736 3096 934 3152 exerceantur.

158 3183 194 3240 In
214 3183 326 3243 albario
346 3203 433 3259 opere
449 3183 559 3242 calcem
578 3183 620 3241 sic
638 3183 764 3257 probare
784 3181 910 3240 debebis.
946 3182 978 3239 in
995 3181 1076 3239 fossa
1090 3216 1151 3268 03,oe

47 3264 98 3354 1011
111 3273 230 3346 calcem,
244 3291 320 3347 quae
333 3273 428 3330 multo
443 3274 513 3330 ante
526 3274 660 3347 tempore
673 3272 766 3330 fuerit
779 3273 935 3346 macerata,
945 3271 981 3328 de
996 3270 1075 3328 ascia
1088 3239 1191 3375 bem

51 3381 78 3423 aa
93 3361 180 3437 quasi
197 3361 313 3438 lignum
327 3361 451 3436 dolabis,
471 3365 500 3420 et
515 3360 607 3420 aciem
621 3361 647 3419 si
660 3379 809 3435 nusquam
821 3360 969 3436 inpegerit
984 3362 1074 3434 atque
1100 3406 1159 3445 „a
1174 3349 1191 3446 ,⁴

93 3449 254 3509 adhaerens
265 3450 362 3508 asciae
370 3450 486 3509 viscosa
495 3449 652 3526 videbitur,
663 3449 776 3524 optima
790 3449 847 3508 erit
856 3449 938 3523 operi
952 3449 1072 3506 albario.
1087 3459 1153 3510 (1111-
1162 3435 1191 3511 1,¹

92 3541 225 3597 recenter
252 3540 382 3597 extincta
415 3541 445 3597 et
477 3539 626 3598 calculosa
657 3538 684 3596 si
714 3538 819 3612 fuerit,
851 3537 921 3595 dum
948 3538 1103 3596 siccescere

1112 3172 1191 3213 XXI
