2416 3922
309 145 358 199 DE
377 144 655 201 ARCHITECTURA
672 145 739 201 LIB.
758 146 792 215 Il,
812 153 825 200 1
1030 147 1071 212 31

62 297 94 354 εὴ
116 313 152 354 ea
175 295 313 370 delector,
342 295 393 353 sed
421 295 624 354 animadverto
653 297 677 355 si
700 297 752 372 qui
775 296 930 356 deduxerit
953 317 987 357 ec
1014 297 1074 358 loci

63 383 212 443 coloniam
247 385 310 443 fore
342 387 379 442 ut
408 383 552 444 iudicium
584 384 646 443 eius
677 385 872 461 vituperetur.
927 389 963 444 ut
994 386 1073 444 enim

14 482 53 534 (1⁰)
62 476 152 532 natus
176 473 275 531 infans
298 472 361 531 sine
384 473 508 532 nutricis
531 475 609 531 lacte
632 493 691 532 non
714 476 814 549 potest
835 469 838 553 l
859 475 901 533 ali
919 494 1015 549 neque
1034 475 1073 532 ad

61 561 144 620 vitae
167 561 323 620 crescentis
347 561 457 638 gradus
480 562 614 638 perduci,
642 562 684 621 sic
712 563 817 622 civitas
846 563 908 621 sine
937 563 1016 640 agris
1043 568 1073 623 et

36 669 165 710 aeorum
192 650 339 709 fiuctibus
364 649 398 707 in
420 649 572 709 moenibus
595 650 784 710 affluentibus
808 670 867 710 uon
889 655 990 727 potest
1012 672 1072 711 cre-

62 757 143 797 scere
170 758 224 797 nec
247 739 310 798 sine
333 738 517 797 abundantia
541 739 598 796 cibi
625 739 826 816 frequentiam
847 741 956 799 habere
978 760 1072 816 popu-

60 827 183 903 lumque
206 828 269 886 sine
293 828 378 903 copia
400 827 485 886 tueri.
522 828 626 902 itaque
648 829 897 905 quemadmodum
919 829 1072 889 formatio·

61 936 131 974 nem
148 919 224 992 puto
241 915 435 992 probandam,
453 915 495 975 sic
512 916 611 975 iudico
627 917 725 976 locum
737 917 964 994 inprobandum,
982 921 1072 994 teque

11 1014 53 1064 (15)
62 1006 132 1065 volo
154 1000 157 1083 l
179 1023 241 1064 esse
264 1024 394 1082 mecum,
421 1004 501 1080 quod
527 1007 583 1063 tua
610 1024 699 1081 opera
728 1025 794 1065 sum
820 1025 934 1065 usurus
979 1027 1014 1065 ex
1037 1023 1108 1071 eol

23 1113 48 1151 ιο
60 1094 238 1153 Dinocrates
261 1094 299 1152 ab
322 1113 391 1170 rege
414 1114 474 1153 non
497 1094 632 1152 discessit
655 1095 734 1152 etin
752 1094 924 1171 Aegyptum
942 1099 988 1154 est
1006 1115 1073 1153 eum

60 1185 241 1258 persecutus.
293 1180 336 1240 ibi
367 1181 536 1240 Alexander
566 1201 633 1241 cum
664 1182 922 1242 animadvertisset
952 1187 1073 1259 portum

59 1272 240 1330 naturaliter
257 1273 367 1352 tutum,
386 1271 550 1346 emporium
568 1271 728 1349 egregium,
747 1290 866 1347 campos
885 1271 963 1330 circa
976 1275 1072 1332 totam

60 1359 234 1437 Aegyptum
264 1360 488 1435 furmentarios,
524 1360 652 1418 inmanis
688 1360 819 1419 fluminis
850 1360 914 1419 Nili
948 1379 1072 1437 magnas

11 1456 51 1508 (2⁰)
60 1449 223 1523 utilitates,
244 1448 332 1508 iussit
356 1468 423 1506 eum
443 1442 447 1526 l
468 1467 520 1508 suo
543 1449 662 1507 nomine
686 1449 838 1508 civitatem
861 1449 1073 1507 Alexandriam

22 1555 47 1595 15
61 1539 249 1596 constituere.
294 1538 339 1596 ita
361 1536 536 1596 Dinocrates
560 1556 578 1595 a
604 1536 681 1597 facie
706 1538 914 1615 dignitateque
941 1538 1072 1613 corporis

61 1626 283 1685 commendatus
307 1626 345 1684 ad
369 1645 434 1684 eam
460 1625 648 1704 nobilitatem
672 1627 816 1701 pervenit.
861 1627 935 1684 mihi
962 1630 1072 1702 autem,

59 1717 233 1790 imperator,
257 1717 403 1773 staturam
425 1733 484 1772 uon
502 1714 609 1773 tribuit
626 1718 746 1792 natura,
768 1716 876 1774 faciem
895 1716 1073 1775 deformavit

61 1807 159 1877 aetas
187 1802 327 1863 valetudo
354 1803 484 1861 detraxit
510 1803 597 1862 vires.
646 1804 750 1880 itaque
782 1805 923 1880 quoniam
956 1805 1072 1864 abhis

10 1902 51 1954 (2⁵)
59 1891 217 1969 praesidiis
241 1910 306 1951 sum
329 1892 474 1965 desertus,
503 1912 556 1966 per
576 1887 580 1970 l
601 1892 712 1950 auxilia
736 1893 877 1952 scientiae
901 1893 1072 1969 sumptaque

21 2002 47 2040 sc
60 1985 95 2041 ut
119 2000 205 2057 spero
227 1980 398 2056 perveniam
421 1980 459 2038 ad
482 1980 775 2041 commendationem.

128 2068 276 2138 Quoniam
294 2072 395 2128 autem
412 2069 508 2145 primo
522 2069 672 2128 volumine
686 2069 721 2127 de
741 2070 839 2129 officio
856 2070 1070 2129 architecturae
1089 2084 1113 2134 s

60 2158 380 2234 terminationibusque
403 2158 476 2216 artis
499 2157 664 2234 perscripsi,
687 2158 761 2217 item
783 2160 819 2216 de
839 2159 993 2217 moenibus
1018 2150 1069 2240 etl

10 2255 46 2309 33
59 2247 141 2306 intra
163 2246 281 2305 moenia
304 2265 440 2305 arearum
463 2246 666 2321 divisionibus,
689 2266 756 2305 cum
779 2249 923 2321 sequatur
941 2246 1012 2306 ordo
1034 2247 1070 2303 de

61 2335 185 2394 aedibus
204 2335 295 2394 sacris
314 2338 344 2394 et
361 2335 487 2411 publicis
506 2335 648 2394 aedificiis
665 2327 940 2411 itemque'privatis
962 2335 1069 2409 quibus

21 2444 46 2484 25
59 2424 303 2500 proportionibus
327 2427 357 2482 et
380 2423 560 2499 symmetriis
579 2424 706 2482 debeant
729 2442 791 2482 esse
813 2423 860 2481 uti
879 2423 1070 2498 explicentur,

59 2533 120 2573 non
143 2513 250 2588 putavi
272 2515 342 2571 ante
364 2512 535 2588 ponendum
557 2512 615 2571 nisi
636 2513 720 2588 prius
743 2513 778 2571 de
801 2512 944 2570 materiae
969 2511 1077 2587 copiis,

20 2613 77 2665 (be
94 2592 98 2682 Ι
115 2600 221 2678 quibus
241 2601 366 2660 conlatis
386 2600 520 2660 aedificia
535 2601 691 2660 structuris
706 2604 736 2660 et
749 2601 891 2659 materiae
905 2600 1069 2660 rationibus

60 2689 266 2766 perficiuntur,
299 2708 373 2765 quas
404 2688 534 2748 habeant
565 2690 597 2747 in
628 2709 684 2749 usu
713 2689 839 2749 virtutes
871 2690 1070 2766 exposuissem

61 2779 229 2854 quibusque
251 2798 349 2837 rerum
371 2781 495 2836 naturae
518 2778 672 2853 principiis
700 2781 799 2838 essent
819 2781 1003 2853 temperatae
1025 2779 1069 2836 di-

20 2867 175 2927 rexissem.
222 2867 273 2926 sed
301 2870 463 2942 antequam
489 2867 641 2925 naturales
668 2886 714 2926 res
743 2867 884 2942 incipiam
914 2867 1068 2942 explicare,

134 3148 148 3195 1
164 3141 239 3211 siqui
258 3140 405 3196 deduxerit
418 3141 489 3196 EG:
510 3139 602 3209 siquid
617 3141 764 3196 deduxerit
776 3142 816 3208 Η,
835 3139 928 3209 siquid
942 3138 1069 3193 eduxerit

60 3213 82 3268 S
99 3215 181 3284 (wude
197 3214 233 3269 G⁰
251 3216 283 3268 in
305 3230 391 3294 marp.
410 3211 456 3266 vel
479 3211 590 3280 siquid).
608 3213 611 3282 Ι
628 3228 660 3266 eo
678 3212 740 3267 loco
759 3231 786 3267 x.
801 3214 839 3282 112
858 3211 918 3264 fore
936 3205 1067 3279 Ed(s¹)=

59 3284 132 3338 forte
151 3285 185 3338 H
188 3283 214 3339 S.
243 3287 252 3354 ΙΙ
279 3289 295 3337 8
318 3282 423 3337 iudrcio
442 3283 477 3337 H
497 3290 523 3337 et
548 3287 622 3351 (autc
644 3286 710 3354 ras.)
729 3284 755 3339 S.
782 3285 792 3353 l
821 3288 853 3336 10
872 3280 995 3335 abcessit
1013 3280 1039 3335 S.

61 3360 94 3409 15
114 3354 254 3426 dignitate
273 3353 371 3410 Eos:
396 3352 444 3407 -tis
463 3353 502 3408 Η,
526 3356 535 3421 ΙΙ
559 3358 591 3407 18
609 3352 736 3408 valitudo
758 3353 812 3409 GS
828 3354 873 3422 (cf.
893 3354 930 3406 ud
948 3356 992 3416 17,
1003 3355 1039 3420 6).

61 3431 94 3480 19
113 3425 221 3480 auxilia
239 3427 271 3479 H
274 3426 306 3480 S:
326 3442 386 3478 *um
404 3425 471 3480 EG.
490 3427 500 3495 l
518 3430 550 3478 21
571 3422 720 3489 Quoniam:
740 3423 809 3479 Cum
826 3443 853 3480 c.
868 3425 924 3494 {123
945 3440 1007 3477 cum
1026 3438 1067 3476 se-

60 3499 175 3566 quatur:
194 3496 359 3565 insequatur
376 3513 403 3550 x.
418 3497 475 3565 1129
493 3496 647 3565 temperate
664 3496 689 3551 G
708 3497 759 3570 (tq
775 3496 834 3566 Gt:
853 3497 896 3549 -ta
910 3494 945 3548 H
946 3493 973 3551 S.
