2416 3922
132 143 198 207 210
494 151 496 156 ’
554 140 718 196 VITRUVII
804 151 807 167 ²

134 312 203 352 suos
230 310 333 351 sensus
361 291 412 350 sed
439 293 530 350 etiam
558 293 698 367 omnium,
724 285 841 368 (cum)
858 289 944 348 libris
968 291 1006 349 ad
1031 290 1136 350 discen·

97 381 204 445 adum
234 384 264 439 et
294 381 407 438 animos
438 379 619 439 exacuendos
647 381 828 456 praeparant
855 381 1025 455 praecepta.
1069 378 1137 456 quid
1175 404 1178 409 <

134 471 212 528 enim
241 469 313 529 Milo
338 468 523 528 Crotoniates
553 468 634 544 quod
661 468 720 527 fuit
746 469 875 527 invictus
901 468 1025 544 prodest
1051 468 1137 528 homi·

132 558 221 616 nibus
244 560 298 616 aut
320 558 410 616 ceteri
433 557 485 633 qui
507 577 541 617 eo
561 576 667 634 genere
685 558 810 616 fuerumt
824 556 963 634 victores,
985 556 1045 616 nisi
1064 556 1138 633 quod

135 640 139 728 Ι
156 648 227 705 dum
247 647 386 706 vixerunt
403 646 462 722 ipsi
478 646 558 704 inter
576 665 644 705 suos
664 646 741 705 cives
758 646 928 704 habuerunt
946 644 1184 705 nobiliacensis

133 735 322 812 Pythagorae
349 754 419 794 vero
446 737 606 810 praecepta
628 735 792 793 Democriti
813 734 949 794 Platonis
972 733 1138 794 Aristotelis

135 828 357 900 ceterorumque
372 824 551 899 sapientium
565 822 716 882 cotidiana
727 823 880 899 perpetuis
892 823 1050 882 industriis
1064 824 1138 882 culta

133 932 193 972 non
220 913 316 971 solum
344 913 404 971 suis
433 911 545 972 civibus
572 912 624 972 sed
652 913 743 971 etiam
769 911 904 971 omnibus
932 910 1072 990 gentibus
1097 931 1138 970 re-

134 1004 233 1060 centes
260 1004 291 1059 et
317 1001 435 1061 flendos
464 1001 554 1060 edunt
576 1003 699 1060 fructus.
745 1020 761 1060 e
785 1001 892 1076 quibus
915 1003 970 1077 qui
992 1019 1012 1060 a
1034 1000 1139 1060 teneris

134 1088 280 1149 aetatibus
301 1085 305 1168 l
327 1090 527 1148 doctrinarum
550 1089 733 1148 abundantia
755 1091 923 1164 satiantum,
940 1089 1071 1166 optimos
1092 1090 1139 1148 har
1146 1093 1186 1149 21⁸

132 1179 235 1237 bentes
258 1178 422 1254 sapientiae
445 1197 547 1238 sensus
569 1178 731 1237 instituunt
753 1178 923 1238 civitatibus
945 1177 1139 1238 humanitatis
1149 1197 1167 1235 n

134 1287 229 1327 mores
258 1278 354 1342 aequa
379 1268 446 1325 iura
472 1268 567 1344 leges,
599 1266 707 1342 quibus
735 1267 906 1326 absentibus
933 1268 1018 1325 nulla
1045 1269 1140 1343 potest

100 1372 200 1419 sesso
228 1356 332 1415 civitas
360 1355 522 1414 incolumis.
569 1374 636 1413 cum
664 1375 733 1432 erge
760 1358 846 1414 tanta
867 1374 991 1414 munera
1015 1355 1053 1415 ab
1075 1355 1138 1415 scri·

132 1449 252 1520 ptorum
279 1443 437 1521 prudentia
463 1435 615 1526 prilvatim
641 1443 816 1520 publiceque
838 1444 951 1503 fuerint
973 1444 1137 1503 hominibus
1145 1452 1168 1501 (tl

133 1536 319 1610 praeparata,
340 1553 400 1592 non
423 1533 518 1591 solum
542 1533 669 1591 arbitrer
691 1534 807 1609 palmas
830 1536 860 1592 et
883 1551 1007 1593 coronas
1026 1533 1073 1593 his
1090 1533 1168 1592 tri-u

132 1623 185 1680 bui
208 1624 343 1696 oportere
366 1622 416 1680 sed
440 1622 531 1679 etiam
553 1621 670 1680 decerni
691 1623 858 1698 triumphos
876 1625 908 1681 et
924 1623 1004 1681 inter
1023 1622 1139 1682 deorum

136 1711 218 1790 sedes
242 1729 291 1769 eos
314 1710 489 1770 dedicandos
512 1710 646 1769 iudicari.
922 1785 924 1788 Ι

200 1799 312 1858 Eorum
335 1801 434 1857 autem
457 1801 588 1876 cogitata
606 1800 722 1858 utiliter
738 1799 905 1858 hominibus
925 1799 963 1858 ad
981 1801 1078 1859 vitam
1096 1818 1138 1857 ex·

136 1879 313 1969 lplicandum
340 1907 356 1946 e
383 1887 516 1962 pluribus
544 1888 662 1966 singula
683 1908 845 1964 paucorum
867 1889 913 1946 uti
936 1889 1074 1964 exempla
1092 1895 1176 1964 poco

135 1996 216 2050 nam,
252 1995 326 2051 quae
356 1979 596 2052 recognoscentes
626 1977 791 2037 necessario
820 1978 866 2036 his
895 1977 989 2035 tribui
1019 1977 1168 2038 honorosa

99 2070 271 2141 4oporters
302 2065 435 2124 homines
467 2064 693 2125 confitebuntur.
739 2069 768 2125 et
799 2066 928 2143 primum
960 2065 1097 2125 Platonis
1125 2083 1139 2123 e

133 2154 237 2213 multis
267 2153 544 2212 ratiocinationibus
576 2155 743 2215 utilissimis
774 2174 865 2212 unam
895 2155 1140 2230 quemadmodum

135 2242 171 2300 ab
200 2261 233 2301 eo
258 2243 404 2320 explicata
428 2242 468 2301 sit
490 2261 606 2317 ponam.
651 2244 733 2302 locus
757 2246 810 2302 aut
833 2262 904 2320 ager
924 2243 1049 2318 paribus
1071 2244 1138 2302 late·

134 2331 216 2392 ribus
239 2332 266 2389 si
288 2333 345 2390 erit
369 2322 541 2414 quadraltus
560 2350 685 2408 eumque
704 2332 868 2408 oportuerit
886 2331 1044 2409 duplicari,
1067 2329 1176 2408 quodue

135 2439 209 2496 opus
240 2421 331 2479 fuerit
363 2439 469 2496 genere
501 2421 616 2478 numeri
648 2420 727 2496 quod
758 2420 1060 2496 multiplicationibus
1086 2434 1168 2479 nonas

134 2508 293 2584 invenitur,
317 2529 352 2568 ex
375 2508 621 2584 descriptionibus
644 2509 788 2568 linearum
807 2509 971 2568 emendatis
988 2511 1139 2585 reperitur.

136 2600 181 2655 est
211 2599 310 2655 autem
340 2598 404 2656 eius
433 2598 477 2655 rei
505 2597 578 2656 haec
607 2598 826 2658 demonstratio.
857 2597 1037 2673 ,quadratus
1063 2600 1139 2658 locus

137 2685 188 2759 qui
211 2687 267 2743 crit
290 2685 395 2762 longus
419 2689 450 2744 et
471 2686 550 2744 latus
573 2687 662 2763 pedes
686 2687 775 2745 denos
795 2686 886 2745 efficit
904 2705 991 2746 areae
1008 2688 1098 2763 pedes
1115 2702 1139 2744 c.

136 2773 161 2832 si
189 2793 258 2851 ergo
286 2793 359 2849 opus
386 2774 478 2834 fuerit
505 2794 574 2833 eum
603 2767 762 2857 duplilcare
786 2777 816 2833 ct
837 2774 947 2850 pedum
971 2793 1009 2834 cc
1033 2777 1105 2835 item
1124 2778 1176 2832 eoo

42 2933 49 2943 ι
135 2861 255 2937 paribus
283 2863 425 2922 lateribus
451 2865 562 2940 facere,
590 2864 788 2940 quaerendum
811 2863 868 2922 erit
890 2883 982 2939 quam
1003 2878 1167 2942 magnumst

134 2951 214 3010 latus
238 2951 299 3011 eius
323 2953 462 3027 quadrati
484 2952 537 3011 fiat
560 2955 594 3011 ut
617 2973 652 3012 ex
675 2971 709 3011 eo
729 2969 766 3010 cc
785 2952 874 3028 pedes
893 2953 1138 3028 duplicationibus

136 3059 222 3099 areae
240 3041 445 3116 respondeant.
473 3042 504 3099 id
524 3045 624 3100 autem
642 3060 763 3100 numero
782 3060 868 3100 nemo
886 3032 988 3117 potest
1005 3040 1139 3102 invenire.

208 3251 222 3298 1
243 3261 306 3300 cum
324 3262 374 3301 om.
390 3263 417 3299 a.
432 3247 471 3313 ΙΙῠ
490 3244 565 3299 inter
583 3263 647 3300 suos
661 3246 761 3301 EGS:
781 3244 905 3300 internos
920 3246 959 3301 H.
975 3249 1014 3317 117
1035 3246 1135 3318 sapien-

135 3315 208 3370 tium
222 3316 258 3370 H
259 3317 331 3372 Ec:
351 3318 395 3369 -su
410 3315 435 3371 S.
450 3318 459 3386 ιΙ
474 3322 507 3370 10
526 3317 632 3371 habent
645 3334 672 3371 a.
687 3319 745 3386 1124
762 3316 900 3387 duplicari
913 3317 988 3373 Ec:
1007 3335 1050 3372 ·rc
1064 3314 1135 3385 Hs!

136 3422 212 3491 quoa
231 3424 296 3492 (oa
316 3440 370 3491 quo
390 3399 429 3503 (5⁰1)
445 3423 471 3504 s.
498 3426 508 3492 ιι
534 3429 568 3476 ae
587 3423 663 3492 quoe
682 3424 820 3493 (m.)11s:
841 3439 896 3492 quo
911 3425 981 3480 uc.
1008 3427 1018 3494 ι
1046 3429 1079 3477 ae
1096 3437 1134 3476 01:

136 3508 169 3547 eo
188 3511 215 3549 a.
236 3495 246 3563 l
269 3499 302 3547 29
322 3493 691 3564 dupl1oanpedum(-1'1)a.
