2416 3922
121 157 186 221 114
545 156 709 211 VITRUVH

119 308 304 384 diagramma
326 307 440 366 musica
461 307 576 366 ratione
602 307 805 384 designatum,
833 308 913 384 quod
934 309 1127 373 Aristoxenus

117 414 226 472 magno
240 394 342 472 vigore
361 398 392 453 et
409 395 557 454 industria
574 396 739 473 generatim
752 396 856 456 divisis
874 397 1126 462 modulationibus

118 483 312 542 constitutum
333 484 464 559 reliquit.
507 484 543 542 de
567 503 625 560 quo
648 485 674 543 si
697 485 750 560 qui
771 477 1063 568 ratiocinaltionibus
1084 489 1157 552 hist)

118 572 292 646 attenderit,
320 572 358 631 ab
385 575 494 631 natura
521 573 600 632 vocis
633 573 672 630 ad
703 573 888 633 audientium
918 575 1126 639 delectationes

116 659 233 720 facilius
256 661 387 720 valuerit
408 661 592 720 theatrorum
615 661 730 720 efficere
751 663 956 738 perfectiones,
1138 687 1148 728 s

82 765 97 812 7
183 750 271 808 Dicet
302 750 413 826 aliquis
444 750 522 809 forte
553 750 650 809 multa
680 751 800 810 theatra
827 753 989 827 quotannis
1017 754 1127 816 Romae

116 839 197 897 facta
230 856 292 897 esse
323 858 421 915 neque
453 839 547 896 ullam
577 839 724 898 rationem
754 839 862 898 harum
892 860 994 900 rerum
1020 843 1054 901 in
1084 844 1126 904 his

115 927 215 1000 fluisse,
233 926 286 986 sed
304 926 415 986 errabit
432 927 464 985 in
483 946 525 1002 eo,
545 928 624 1003 quod
643 928 741 987 onmia
759 929 878 1004 publiea
891 929 993 1007 lignea
1012 933 1127 992 theatra

115 1007 324 1098 tabulatiolnes
351 1015 463 1074 habent
489 1016 666 1092 complures,
695 1035 769 1092 quas
795 1035 914 1078 necesse
942 1022 989 1084 est
1015 1031 1166 1083 sonarent

115 1105 170 1163 hoc
197 1124 267 1165 vero
298 1105 369 1164 licet
401 1105 635 1163 animadvertere
668 1106 758 1164 etiam
786 1105 822 1164 ab
850 1106 1046 1184 citharoedis,
1078 1109 1157 1186 quire

115 1192 266 1269 superiore
288 1196 359 1252 tono
383 1212 450 1252 cum
467 1193 573 1254 volunt
595 1212 709 1269 canere,
731 1197 872 1254 avertunt
893 1213 924 1255 se
942 1197 982 1254 ad
1005 1215 1125 1258 scaenae

114 1283 217 1342 valvas
250 1285 280 1341 et
311 1283 356 1341 ita
386 1282 535 1358 recipiunt
566 1281 603 1340 ab
631 1302 733 1341 earum
764 1283 875 1343 auxilio
903 1287 1125 1346 consonantiam

113 1372 203 1431 vocis.
244 1390 311 1430 cum
333 1374 434 1429 autem
458 1390 493 1429 ex
516 1370 617 1429 solidis
639 1370 728 1430 rebus
751 1372 871 1431 theatra
893 1372 1123 1451 constituuntur,

113 1458 145 1518 id
168 1462 213 1518 est
236 1479 271 1517 ex
289 1462 440 1518 structura
460 1454 464 1537 Ι
485 1462 712 1535 caementorum,
735 1459 844 1536 lapide,
866 1481 1026 1538 marmore,
1050 1475 1164 1540 quaein)

114 1567 219 1607 sonare
247 1567 307 1607 non
333 1550 473 1624 possunt,
499 1551 571 1607 tunc
598 1549 694 1607 echeis
721 1549 795 1607 haec
821 1550 952 1610 rationes
981 1555 1056 1611 sunt
1080 1572 1155 1613 eri-rs

79 1636 279 1712 replicandae.
329 1637 375 1695 sin
402 1638 503 1695 autem
530 1637 683 1712 quaeritur
710 1637 742 1695 in
770 1657 828 1714 quo
856 1638 975 1697 theatro
1003 1659 1042 1699 ea
1069 1641 1124 1700 sint

113 1725 203 1798 facta,
225 1725 337 1784 Romae
356 1743 416 1783 non
433 1742 589 1800 possumus
608 1725 762 1784 ostendere
780 1727 832 1786 sed
851 1726 883 1784 in
901 1727 1011 1786 Italiae
1030 1730 1123 1807 regio·

113 1813 200 1872 nibus
220 1816 249 1872 et
266 1814 299 1871 in
317 1812 452 1889 pluribus
469 1812 650 1872 Graecorum
663 1813 842 1890 civitatibus,
861 1816 1011 1892 etiamque
1026 1822 1123 1879 aucto

113 1922 176 1959 rem
193 1900 335 1960 habemus
349 1901 475 1961 Lucium
488 1894 682 1984 Mumlmium,
690 1922 693 1929 ·
701 1903 755 1979 qui
773 1903 871 1963 diruto
889 1904 1008 1966 theatro
1024 1905 1122 1967 (lorin-
1130 1916 1164 1968 (¹⁰)

113 1991 246 2049 thiorum
269 2010 304 2048 ea
327 2009 419 2050 aenea
441 1991 567 2050 Romam
594 1991 763 2067 deportavit
789 1994 819 2050 et
847 1992 883 2050 de
909 1993 1062 2055 manubiis
1089 1996 1155 2057 ada

114 2080 217 2138 aedem
239 2078 341 2138 Lunae
368 2080 524 2139 dedicavit.
569 2080 658 2138 multi
685 2081 777 2138 etiam
802 2081 936 2140 sollertes
960 2084 1122 2159 architecti,

114 2169 165 2245 qui
187 2168 219 2226 in
243 2168 359 2244 oppidis
382 2189 442 2228 non
464 2168 580 2246 magnis
602 2168 721 2227 theatra
744 2169 978 2247 constituerunt,
1002 2176 1123 2250 propter

111 2257 245 2332 inopiam
272 2256 411 2316 fictilibus
440 2256 526 2316 doliis
553 2257 598 2315 ita
625 2256 799 2316 sonantibus
826 2259 926 2318 electis
954 2260 1011 2320 hac
1034 2263 1121 2322 ratio·

113 2346 260 2405 cinctione
284 2345 454 2421 compositis
477 2346 663 2421 perfecerunt
683 2346 857 2407 utilissimos
878 2342 882 2426 Ι
903 2348 1035 2409 effectus.
1128 2358 1162 2409 (ὕ)

58 2441 97 2496 VI
178 2436 276 2511 Ipsius
305 2437 405 2493 autem
431 2435 541 2492 theatri
568 2435 763 2493 conformatio
787 2436 828 2494 sic
852 2439 897 2494 est
918 2436 1059 2498 facienda
1079 2438 1151 2498 ntis

113 2541 205 2598 quam
227 2543 335 2600 magna
357 2525 459 2581 futura
478 2525 523 2582 est
540 2524 714 2598 perimetros
732 2524 794 2599 imi,
818 2526 918 2583 centro
936 2526 1037 2588 medio
1057 2547 1120 2589 con·

111 2613 209 2670 locato
231 2612 449 2688 circumagatur
470 2612 549 2670 linea
567 2612 795 2686 rotundationis,
817 2614 850 2670 in
868 2633 961 2688 eaque
981 2619 1120 2690 quattuor

114 2692 301 2781 isembertum
327 2700 446 2778 trigona
472 2698 592 2776 paribus
619 2700 762 2760 lateribus
786 2703 816 2760 et
837 2700 1019 2780 intervallis,
1047 2708 1167 2782 queelll

182 2851 256 2904 lad
278 2854 393 2905 naturas
412 2850 488 2905 vocis
508 2851 531 2904 Se
554 2851 728 2906 audientium
748 2869 776 2906 a.
808 2854 818 2922 ΙΙ
849 2858 865 2906 6
889 2854 965 2921 quod
984 2856 1037 2924 (H,
1056 2822 1109 2924 118

112 2921 193 2975 annis
208 2922 243 2976 H
244 2922 272 2990 S,
291 2925 360 2990 quot
378 2921 457 2975 annis
475 2923 507 2977 G.
531 2925 540 2992 ΙΙ
562 2927 578 2975 8
598 2921 703 2976 errauit
720 2941 748 2978 a.
771 2925 781 2993 ΙΙ
804 2927 819 2975 9
838 2923 1040 2980 tribulationes
1061 2928 1093 2983 G.
1115 2926 1119 2999 1

113 3000 146 3047 10
161 2992 268 3047 cithero
284 2992 343 3046 edis
359 2992 398 3060 H,
413 2992 583 3047 citharoedis
598 2993 626 3062 S,
641 3012 666 3047 ·r
684 2992 727 3046 dis
744 2993 776 3048 G.
791 2996 800 3063 ΙΙ
816 3000 848 3047 12
862 2993 962 3049 valbas
977 3014 998 3052 a
1011 2996 1117 3067 (valvas

111 3064 231 3134 18111114
249 3063 346 3133 lapido
361 3064 394 3117 Η
406 3063 463 3132 (-de
480 3063 624 3134 (1811116
641 3011 746 3120 echeis:
766 3064 844 3120 exhis
858 3082 885 3119 r.
903 3067 907 3137 1
923 3065 979 3120 heo
996 3068 1117 3125 rationes

111 3154 161 3222 (sic
176 3153 220 3221 H,
242 3153 296 3206 hac
314 3150 424 3206 ratione
439 3152 497 3220 GS,
515 3152 551 3225 he
569 3152 692 3208 rationes
707 3153 744 3218 L)
763 3155 828 3207 sunt
847 3153 871 3221 (s
882 3153 916 3225 S)
936 3155 1118 3226 explicandae

111 3227 149 3296 (p
165 3224 192 3292 S,
211 3239 238 3277 -e
254 3225 289 3293 G)
306 3241 335 3278 a.
358 3225 367 3293 ΙΙ
390 3228 423 3278 17
442 3222 570 3293 regiones
589 3224 662 3291 Hc,
681 3223 795 3293 regione
810 3223 832 3278 S
848 3230 892 3290 (=
908 3225 934 3278 L
952 3243 987 3282 erc
1006 3231 1093 3300 cora).

110 3299 143 3348 19
163 3293 280 3349 lucium:
299 3295 338 3348 sic
355 3311 383 3349 rc.
408 3296 418 3364 ΙΙ
444 3300 477 3347 20
497 3310 530 3348 ea
549 3297 609 3368 ae(e
624 3296 712 3365 S)nea
731 3297 777 3364 (sc.
796 3296 989 3366 echcao.16)
1007 3302 1092 3356 sica.

110 3371 142 3419 21
163 3365 250 3419 etiam
264 3365 340 3421 HG:
360 3369 396 3418 aiu
414 3367 531 3436 (autem)
550 3366 576 3421 S.
600 3370 609 3434 ΙΙ
632 3372 665 3420 22
684 3368 798 3434 propter
816 3383 866 3421 om.
882 3366 910 3422 S.
938 3369 947 3437 ΙΙ
975 3375 1009 3424 23
1031 3369 1116 3425 doleis

108 3453 136 3490 x.
159 3437 168 3505 ΙΙ
192 3442 225 3489 27
244 3435 450 3491 rotundationis
467 3437 529 3492 GS:
548 3437 761 3491 rutundationee
776 3437 814 3492 H.
839 3440 848 3507 ΙΙ
871 3443 904 3492 28
923 3440 1042 3507 paribus
1058 3441 1116 3498 GS:

109 3507 237 3575 partibus
251 3509 289 3562 H.
308 3509 311 3575 Ι
328 3510 357 3560 et
375 3525 424 3564 om.
439 3525 467 3562 x.
484 3510 488 3577 Ι
505 3525 577 3576 quae
595 3526 638 3563 om
655 3526 682 3563 er.
