2416 3922
310 165 359 220 DE
377 164 657 221 ARCHITECTURA
675 167 742 220 LIB.
762 167 796 235 V,
814 174 831 220 4
1016 167 1078 231 109

61 336 199 376 sermone
228 335 294 375 cum
322 317 453 376 dicamus
481 318 525 375 sol
552 318 603 375 lux
630 318 684 376 flos
707 336 772 376 vox.
818 337 895 376 nunc
923 318 1002 376 enim
1024 337 1079 376 nec

20 406 144 470 (tunde
175 405 283 481 incipit
314 425 367 464 neo
395 407 446 464 ubi
473 406 582 464 desinit
608 398 815 488 intelllegitur,
848 407 899 466 sed
931 408 1012 482 quod
1043 425 1080 464 ex

61 497 153 554 acuta
175 495 255 553 facta
279 498 324 554 est
346 497 445 572 gravis
470 498 500 553 et
523 515 557 552 ex
580 496 664 572 gravi
688 498 783 570 acuta,
807 499 932 571 apparet
951 496 1079 554 auribus.

60 604 117 660 per
141 583 315 642 distantiam
343 587 444 642 autem
467 604 483 642 e
506 585 662 642 contrario.
709 604 836 659 namque
860 604 927 643 cum
949 585 1080 642 flectitur

34 674 262 733 sinmutatione
288 692 345 732 vox
373 674 480 731 statuit
511 691 542 730 se
574 674 605 730 in
633 674 757 732 alicuius
787 674 903 732 sonitus
934 673 1078 748 finitione,

61 760 171 820 deinde
194 763 225 819 in
249 761 384 836 alterius,
412 765 442 820 et
463 762 494 820 id
517 762 599 819 ultro
623 764 697 821 citro
721 763 820 821 crebre
848 762 984 820 faciendo
1011 782 1077 821 con-

10 861 51 913 (1⁰)
61 853 147 910 stans
171 854 296 926 apparet
318 851 460 924 sensibus,
482 853 528 909 uti
550 852 582 908 in
606 851 792 910 cantionibus
813 845 817 929 1
838 870 905 909 curn
927 852 1078 910 flectentes

60 959 168 999 vocem
185 941 362 998 varietatem
384 940 509 999 facimus
530 940 750 999 modulationis.
787 942 889 1015 itaque
912 941 1079 999 intervallis

64 1048 101 1087 aa
127 1047 195 1086 cum
216 1031 361 1103 versatur,
390 1032 420 1087 et
442 1029 519 1087 unde
546 1029 667 1086 initium
694 1029 766 1086 fecit
790 1032 820 1087 et
841 1028 893 1086 ubi
916 1029 1005 1087 desiit
1028 1049 1078 1104 ap-

21 1138 48 1177 1o
60 1120 152 1193 paret
177 1118 210 1174 in
237 1136 376 1176 sonorum
398 1118 570 1192 patentibus
593 1117 790 1191 finitionibuS,
817 1118 955 1176 mediana
978 1121 1080 1176 antem

60 1206 192 1264 latentia
214 1206 379 1265 intervallis
403 1206 603 1265 obscurantur.

133 1293 249 1353 Genera
276 1314 346 1354 vero
375 1299 444 1354 sunt
470 1295 707 1355 modulationum
733 1297 806 1369 tria,
840 1297 968 1370 primum
999 1295 1114 1369 quod3

10 1375 67 1466 [ι5)1
86 1382 195 1442 Graeci
221 1384 377 1442 nominant
407 1401 573 1455 αρμονιαν,
607 1384 767 1442 secundum
799 1400 923 1456 χρωμα,
956 1383 1079 1441 tertium

63 1473 226 1531 διατονον.
272 1476 317 1531 est
345 1476 447 1531 autom
473 1473 643 1532 harmoniae
671 1473 836 1531 modulatio
863 1473 899 1531 ab
924 1475 988 1530 arte
1011 1491 1079 1530 con·

21 1583 47 1624 15
62 1563 167 1637 cepta,
194 1564 225 1619 et
252 1581 287 1619 ea
312 1581 345 1620 re
373 1563 472 1621 cantio
496 1563 558 1620 eius
581 1563 708 1620 maxime
732 1581 853 1638 gravem
876 1565 906 1620 et
929 1563 1080 1638 egregiam

59 1649 157 1708 habet
180 1651 395 1708 auctoritatem.
439 1651 557 1709 chroma
580 1651 684 1709 subtili
707 1652 840 1710 sollertia
864 1670 898 1709 ac
921 1650 1079 1708 crebritate

61 1738 253 1797 modulorum
280 1741 447 1798 suaviorem
473 1740 564 1797 habet
589 1740 823 1798 delectationem.
871 1741 986 1799 diatoni
1008 1759 1079 1798 vero

10 1828 147 1904 {eoquod
178 1818 335 1909 nulturalis
368 1831 425 1903 est,
456 1829 573 1887 facilior
601 1832 646 1887 est
672 1829 899 1887 intervallorum
927 1829 1078 1887 distantia.

62 1917 96 1975 in
119 1916 166 1974 his
189 1916 285 1975 tribus
308 1918 464 1993 generibus
483 1918 640 1976 dissimiles
659 1921 728 1975 sunt
746 1918 1002 1976 tetrachordorum
1021 1918 1079 1976 dis-

17 2027 48 2066 ao
62 2007 240 2081 positiones,
258 2006 338 2080 quod
354 2007 510 2064 harmonia
528 2006 750 2065 tetrachordum
770 2010 800 2065 et
818 2011 905 2065 tonos
920 2009 950 2064 et
964 2007 1079 2065 diheses

62 2094 158 2152 habet
185 2094 277 2153 binas.
324 2095 432 2154 dihesis
458 2097 562 2170 autem
581 2098 626 2154 est
648 2096 713 2153 toni
736 2115 805 2170 pars
829 2098 948 2169 quarta,
976 2097 1020 2152 ita
1048 2097 1079 2152 in

62 2183 231 2242 hemitonio
263 2183 338 2242 duae
369 2184 484 2242 diheses
517 2187 586 2242 sunt
618 2186 797 2243 conlocatae.
849 2183 993 2241 chromati
1021 2183 1079 2241 duo

10 2284 53 2334 lae)
62 2273 231 2330 hemitonia
248 2273 281 2329 in
295 2273 396 2330 ordine
411 2276 481 2331 sunt
497 2264 500 2354 1
517 2273 688 2348 composita,
707 2273 830 2330 tertium
843 2272 1079 2329 trihemitonium

21 2383 49 2422 24
64 2364 112 2420 est
139 2360 341 2418 intervallum.
386 2362 507 2420 diatono
535 2363 600 2421 toni
628 2362 685 2421 duo
715 2364 783 2419 sunt
811 2361 991 2433 continuati,
1020 2362 1079 2417 ter-

13 2459 52 2514 12
63 2452 145 2508 tium
167 2450 363 2508 hemitonium
389 2450 456 2508 finit
478 2441 668 2531 teltrachordi
692 2449 935 2526 magnitudinem.
982 2450 1025 2506 ita
1049 2449 1080 2506 in

141 2671 222 2724 2sed
236 2672 311 2740 quod
325 2670 404 2739 (quid
419 2690 444 2725 α.
459 2690 481 2726 c.
499 2673 534 2742 G)
547 2674 587 2727 sie
600 2690 627 2727 m.
642 2675 651 2742 11
665 2678 681 2725 3
696 2671 790 2740 gravis
809 2673 838 2724 et
852 2672 895 2741 (tr)
909 2688 943 2725 ex
957 2673 1015 2742 (sic)
1029 2690 1056 2726 x.
1071 2671 1081 2744 11

66 2749 84 2796 5
107 2742 296 2796 inmutatione
320 2745 348 2811 (i.
363 2762 384 2797 e.
404 2743 599 2797 immutatione
621 2760 670 2798 sec.
686 2744 718 2812 S)
743 2760 842 2811 auceps
859 2761 887 2797 rc.
905 2746 909 2812 1
924 2743 1081 2797 finitionem

66 2814 241 2884 (-ne(1'S).‘c
259 2816 369 2884 (ἵετηειν
389 2818 477 2881 αὑτήν
496 2818 539 2868 ἐπὶ
559 2821 620 2879 μιᾱ(
638 2817 742 2868 τάεεω(
760 2816 897 2884 ⁸tristem).
919 2817 928 2883 11
950 2820 965 2867 6
984 2814 1081 2868 crebre

66 2886 103 2940 H
105 2885 138 2940 S:
154 2885 250 2938 crebro
267 2885 300 2939 G.
315 2887 324 2954 11
335 2890 353 2948 ,7
369 2901 444 2939 oum:
459 2885 564 2938 circum
579 2887 622 2941 G0.
638 2886 676 2954 118
692 2884 854 2939 intervalles
870 2887 902 2939 H
915 2893 940 2940 rt
954 2903 979 2938 a.
994 2902 1015 2939 c.
1032 2883 1082 3010 811

67 2962 101 3010 11
117 2954 251 3010 latentia:
265 2955 393 3025 patentia
412 2956 549 3025 (potentia
563 2975 588 3011 a.
598 2974 619 3010 c.
633 2957 668 3026 G)
683 2974 708 3011 e.
724 2959 733 3025 11
749 2961 781 3008 13
797 2956 952 3010 armoniam
966 2958 1006 3026 <a
1022 2956 1048 3010 G
1072 2998 1081 3023 ,

65 3030 108 3082 sic
126 3034 152 3082 et
170 3031 214 3080 16.
228 3031 266 3081 22
280 3034 327 3082 etc.
350 3043 416 3081 arm.
435 3030 465 3097 a)
481 3071 486 3082 .
502 3069 508 3080 .
525 3070 530 3081 .
546 3028 659 3081 chroma
675 3070 680 3081 .
697 3071 702 3080 .
719 3069 725 3080 .
741 3027 876 3081 diatonon
894 3045 921 3081 a.
950 3029 1021 3096 1114
1045 3026 1081 3079 ab

67 3099 131 3151 arte
148 3097 187 3152 G:
206 3097 243 3150 ad
261 3101 321 3151 arte
335 3099 428 3168 (sotus)
442 3099 475 3152 Η
487 3099 619 3167 (audead
634 3101 694 3152 arte
710 3098 736 3164 S,
756 3098 792 3150 ab
808 3101 867 3152 arte
881 3098 956 3165 LP).
971 3100 980 3165 11
995 3102 1027 3149 15
1047 3113 1082 3150 ea

65 3185 98 3222 re
117 3167 213 3222 cantio
235 3168 327 3238 G(SC):
351 3185 385 3222 ea
407 3169 531 3222 recantio
551 3169 613 3224 HS.
635 3172 644 3238 11
665 3174 698 3222 19
721 3169 934 3222 tetrachordaru
953 3170 1011 3237 (sie)
1031 3168 1057 3222 S.
1072 3166 1082 3239 11

68 3245 104 3293 20
128 3239 296 3308 (harmonia)
322 3240 543 3294 tetrachordum:
572 3240 684 3293 -dorum
706 3243 746 3310 (u
767 3241 831 3309 GS)
857 3243 955 3294 iterum
976 3256 997 3292 cc
1019 3239 1080 3307 (del.

68 3315 104 3365 A.
125 3311 299 3380 Wilmaoos).
321 3312 325 3377 1
347 3310 451 3364 dihesis
471 3312 514 3378 H,
542 3311 647 3364 diheris
668 3311 703 3376 G,
731 3311 816 3364 diesis
836 3311 858 3365 S
878 3310 978 3380 (dieses
1000 3308 1053 3378 Gss).
1072 3309 1082 3381 11

67 3388 102 3435 21
124 3381 211 3434 diesis
229 3399 256 3436 a.
285 3383 294 3451 11
321 3387 354 3433 22
373 3382 526 3435 heminotio
543 3384 579 3436 H.
602 3383 607 3452 1
632 3381 717 3436 diesis
733 3383 797 3449 Hs,
816 3381 920 3435 dihesis
937 3385 960 3428 (τ’
980 3379 1081 3449 (dieses

69 3453 126 3522 G0).
155 3454 165 3522 11
192 3458 225 3505 23
249 3452 472 3506 trihemitonium
494 3455 654 3523 (Permulth
682 3453 768 3506 trium
793 3451 1009 3506 hemitoniorum
1026 3469 1053 3505 x.
1072 3451 1083 3525 11

68 3529 104 3576 24
125 3522 240 3577 diatono
259 3522 331 3578 toni:
351 3523 459 3577 diatoni
477 3542 505 3579 x.
