2416 3922
304 147 412 202 LIBER
430 146 535 201 ARTIS
554 145 896 202 ARCHITEOTONIOAE
1039 147 1104 212 289

92 299 177 357 mina
201 299 287 374 qnasi
308 315 394 356 nares
417 299 498 356 intus
520 297 553 356 in
574 299 698 373 puteum
716 297 920 371 demittantur,
944 316 1003 374 qua
1025 298 1105 358 noei-

47 398 149 453 Wus
182 387 304 463 spiritus
336 388 484 462 evaporet.
539 386 590 445 sed
622 404 689 444 cum
720 404 799 461 aqua
830 387 952 445 inventa
976 381 980 464 Ι
1004 388 1105 462 fuerit,

93 475 220 554 signinis
242 474 379 551 operibus
401 476 529 551 parietes
553 477 707 533 struantur
728 475 773 532 ita
791 493 828 532 ne
845 493 988 534 venarum
1006 475 1105 551 capita

94 565 298 623 excludantur.
352 565 384 622 in
416 564 541 640 signinis
573 566 674 622 autem
710 563 846 639 operibus
882 564 955 622 haec
988 582 1105 624 servare

67 653 222 716 odebebis.
267 654 364 729 primo
391 656 426 711 ut
451 654 563 711 harena
586 671 691 728 aspera
718 655 841 728 paretur
863 654 893 710 et
920 656 1105 711 caementum

93 743 132 801 <ie
164 742 246 801 silice
273 743 322 802 vel
353 742 453 818 lapide
485 741 584 800 tofieio
617 742 764 817 calcisque
795 741 928 817 proxime
958 742 1105 800 extinctae

47 830 170 896 viduae
191 825 195 908 Ι
216 834 315 907 partes
348 830 387 888 ed
419 830 549 905 quinque
579 831 708 888 harenae
740 829 881 888 mortario
916 829 1105 889 misceantur.

92 923 220 996 puteum
242 938 311 997 erge
334 919 435 977 fodere
458 917 577 977 debebis
599 918 696 976 latum
718 918 807 993 pedes
831 921 907 993 octo,
929 922 964 976 ut
986 937 1005 976 a
1026 918 1105 977 binis
1158 978 1160 982 ,

92 1007 219 1085 pedibus
242 1010 391 1066 structura
413 1007 446 1066 in
469 1007 594 1066 circuitu
616 1008 722 1084 surgat
744 1009 774 1064 et
798 1009 940 1081 quattuor
964 1025 1037 1066 cavo
1060 1028 1104 1065 re·

53 1117 80 1157 ro
93 1095 222 1172 linquat.
272 1099 453 1155 structuram
479 1114 548 1155 vere
577 1114 643 1154 cum
674 1096 770 1153 facere
798 1096 941 1171 coeperiS,
972 1094 1105 1155 vectibus

54 1195 84 1248 (δ)
93 1185 203 1262 ligneis
230 1184 366 1244 densabis
387 1180 391 1263 Ι
413 1186 454 1243 sic
482 1188 515 1243 ut
543 1185 671 1242 nitorem
697 1184 804 1243 frontis
826 1202 886 1242 non
908 1183 1019 1243 laedas.
1064 1184 1106 1243 sic

94 1275 175 1332 enim
210 1273 339 1333 solidata
375 1276 526 1332 structura
562 1272 702 1332 adversus
734 1290 866 1331 umorem
901 1273 1016 1331 fortier·
1040 1274 1104 1330 erit.

94 1362 201 1438 quodsi
232 1361 338 1422 limosa
366 1381 445 1437 aqua
476 1361 580 1436 brerit,
612 1361 705 1419 salem
732 1361 760 1420 ei
785 1360 920 1420 miscebis
948 1363 979 1420 et
1005 1361 1105 1420 insua-

92 1451 221 1510 vitatem
247 1452 361 1527 saporis
388 1450 525 1509 mutabit.
571 1450 622 1510 sed
648 1450 719 1509 licet
746 1452 882 1509 auctores
909 1450 948 1508 ad
975 1449 1106 1526 quinque

54 1558 80 1600 15
92 1543 196 1617 partes
223 1540 350 1598 harenae
378 1540 451 1598 duas
479 1542 579 1615 partes
603 1539 692 1599 calcis
714 1539 796 1598 mitti
818 1538 984 1614 docuerint,
1011 1539 1105 1597 isdem

47 1639 85 1688 11⁰)
94 1630 240 1688 mensuris
264 1631 293 1686 et
315 1628 463 1689 redivivas
486 1619 633 1710 inpenlsas
655 1627 721 1686 fieri
737 1627 978 1702 monstraverint,
1000 1627 1105 1687 melius

93 1719 196 1776 tamen
214 1719 368 1777 inventum
387 1720 432 1776 est
450 1720 485 1775 ut
503 1717 541 1775 ad
559 1718 633 1776 duas
652 1717 780 1775 harenae
798 1735 858 1775 una
876 1715 965 1775 calcis
983 1717 1106 1775 miscea-

93 1809 154 1881 tur,
178 1826 236 1882 quo
258 1806 398 1883 pinguior
420 1807 544 1881 inpensa
566 1805 673 1866 fortius
697 1808 849 1865 caementa
871 1805 988 1883 ligaret.
1026 1804 1105 1864 simi·

93 1895 165 1954 liter
187 1898 217 1953 et
239 1895 272 1953 in
299 1895 436 1954 testaceis
459 1894 597 1971 operibus
625 1894 724 1953 facies.
770 1898 894 1971 puteum
916 1898 1017 1953 autem
1040 1913 1107 1952 oum

56 2003 82 2045 ae
95 1983 197 2043 fodere
229 1984 373 2059 coeperis,
405 1983 431 2042 si
463 1985 543 2041 terra
575 1983 671 2041 solida
701 2002 762 2041 non
792 1984 883 2041 fuerit
915 1986 967 2041 aut
995 1983 1106 2042 harena

47 2083 86 2134 11⁶)
96 2072 212 2132 lubrica
234 2075 289 2131 aut
311 2071 413 2131 sabulo
437 2072 544 2130 fluidus
568 2073 621 2129 aut
647 2071 791 2130 exsudans
812 2063 816 2152 l
835 2090 922 2129 umor
947 2072 1107 2130 fossionem

94 2162 232 2235 resolvet,
254 2160 373 2220 tabrrlas
397 2159 495 2220 axium
514 2160 640 2218 directas
662 2160 801 2218 fodiendo
825 2159 980 2218 submittes
1004 2162 1034 2216 et
1056 2177 1106 2217 eas

94 2250 228 2310 vectibus
246 2251 354 2327 ligneis
372 2249 548 2309 transversis
567 2247 730 2323 distinebis,
748 2268 785 2306 ne
803 2247 905 2306 labens
923 2251 1004 2306 terra
1018 2247 1107 2305 ruina

94 2339 234 2415 penderis
256 2338 422 2416 periculum
444 2336 625 2398 fodientibus
647 2337 748 2395 faciat.

54 2446 81 2488 aa
163 2426 310 2497 Quoniam
325 2446 393 2505 ergo
409 2430 479 2486 ante
488 2427 588 2485 omnia
602 2445 697 2502 aquae
711 2443 780 2484 usus
794 2422 976 2484 necessarius
990 2425 1078 2482 habe·
1092 2417 1205 2519 {30³2}

96 2519 156 2592 tur,
178 2517 224 2576 his
248 2515 455 2592 experimentis
478 2516 595 2575 utilitas
618 2516 681 2574 eius
703 2512 856 2590 probanda
875 2513 939 2571 erit.
976 2513 1078 2589 itaque
1101 2525 1207 2572 rrobend

51 2596 103 2688 wll
119 2606 146 2664 si
168 2606 345 2664 natinaliter
366 2607 464 2664 fontes
483 2605 638 2692 profluent,
662 2601 905 2663 considerandum
924 2601 981 2660 erit
998 2601 1080 2677 prius
1094 2595 1198 2700 (Jfflr

96 2695 201 2770 quales
224 2694 357 2754 homines
381 2697 411 2752 et
434 2713 526 2769 quam
548 2693 660 2752 salubri
679 2710 799 2768 corpore
818 2692 896 2750 circa
914 2710 963 2751 eos
982 2692 1080 2750 fontes

94 2782 240 2841 habitent.
289 2783 391 2859 iaque
419 2783 445 2840 si
472 2782 641 2857 corporibus
669 2781 849 2857 valentibus,
882 2780 1014 2840 cruribus
1047 2798 1106 2838 non

55 2890 82 2931 ao
95 2870 222 2944 vitiosis,
245 2870 392 2930 coloribus
414 2869 527 2944 nitidis,
549 2888 609 2928 non
627 2869 821 2946 lippientibus
840 2870 940 2944 ornile,
962 2872 1106 2947 purgatos

95 2959 288 3036 salubresque
309 2960 407 3019 fontes
425 2958 572 3034 probabis.
611 2958 717 3034 quodsi
734 2957 805 3016 novi
827 2959 924 3016 fontes
948 2961 1000 3016 aut
1022 2958 1105 3033 putei

47 3058 85 3110 1²⁵)
94 3047 169 3108 fossi
193 3043 197 3126 Ι
222 3048 346 3124 fuerint,
382 3066 492 3123 aquam
523 3046 645 3121 eximes,
676 3045 708 3103 in
739 3064 792 3105 vas
825 3064 948 3104 aeneum
978 3046 1107 3102 nitidum

95 3155 232 3215 sparges,
260 3140 289 3196 et
316 3138 342 3196 si
364 3136 512 3196 maculam
536 3154 596 3193 non
623 3135 728 3194 fecerit
750 3135 864 3211 optima
887 3136 918 3192 et
944 3132 1105 3208 probabilis

96 3225 162 3284 erit.
206 3226 298 3285 missa
321 3227 412 3284 etiam
433 3225 465 3284 in
488 3243 560 3284 vaso
584 3243 674 3284 aeneo
697 3222 793 3284 nitido
816 3224 842 3283 si
868 3222 989 3281 decocta
1015 3222 1107 3279 fuerit

55 3334 82 3376 es
96 3318 127 3374 et
153 3315 259 3373 limum
281 3317 329 3373 vel
355 3315 498 3374 harenam
520 3314 551 3372 in
578 3313 669 3372 fundo
692 3331 753 3371 non
774 3311 941 3388 reliquerit,
968 3311 1106 3388 legumen

48 3405 128 3468 acin
157 3423 191 3463 ea
219 3403 245 3463 si
272 3404 330 3462 cito
358 3407 510 3480 coquatur,
541 3402 620 3460 bona
639 3395 644 3480 Ι
665 3401 730 3459 erit.
776 3419 836 3460 non
862 3400 959 3458 minus
987 3399 1013 3459 si
1040 3418 1106 3475 per·

94 3492 188 3552 lucidi
218 3494 315 3552 fontes
347 3491 459 3551 fuerint
490 3495 519 3551 et
551 3491 614 3550 sins
646 3509 746 3549 musco
777 3492 830 3548 aut
858 3487 1034 3564 quibusdam
1062 3489 1106 3546 in·

150 3601 252 3642 vincor.
267 3601 295 3642 de
314 3601 431 3641 architect.
446 3601 480 3640 ed.
495 3600 575 3640 Bosa.
897 3591 930 3639 l‘l
