2416 3922
102 161 165 226 132
522 157 686 215 VITRUVII

98 312 225 388 posteris
249 331 298 371 ero
321 315 418 371 notus.
453 330 551 387 neque
568 317 614 370 est
631 309 800 369 mirandum
815 308 891 387 quid
913 311 958 370 ita
974 309 1110 388 pluribus

99 402 156 460 sim
178 402 307 477 ignotus.
345 399 435 460 ceteri
458 399 612 459 architecti
634 402 743 476 rogant
761 403 791 458 et
806 398 946 458 ambiunt
963 402 1000 458 ut
1015 399 1109 458 urchi·

99 493 256 565 teotentur,
278 489 353 547 mihi
374 491 475 548 autem
498 506 516 547 a
538 488 780 565 praeceptoribus
798 491 844 547 est
859 488 1009 547 traditum
1024 504 1109 566 roga·

99 582 165 637 turn
191 598 251 638 non
277 579 435 655 rogantem
457 579 598 653 oportere
630 577 777 653 suscipere
808 595 925 652 curam,
956 577 1037 653 quod
1067 576 1110 635 in·

100 684 215 744 genuus
243 668 324 726 color
349 669 487 726 movetur
508 666 621 742 pudore
647 665 775 740 petendo
795 660 800 746 Ι
819 684 883 725 rem
908 664 1148 742 suspiciemus

98 773 170 814 nam
191 754 366 814 beneficium
385 755 493 813 ¹<lantes
519 773 579 813 non
608 754 786 830 accipientes
808 754 994 814 ambiuntur.
1040 753 1131 830 quid·

97 845 178 902 enim
195 846 333 920 putemus
352 843 497 919 suspicari
516 843 568 919 qui
585 846 707 920 rogetur
726 843 762 902 de
779 841 961 920 patrimonio
972 845 1110 920 ,mepta

98 933 249 993 faciendos
278 933 461 997 committere
489 932 605 1009 gratiae
632 931 780 1008 petentia·
799 931 860 990 nisi
881 932 1012 1007 praedae
1035 950 1109 992 com·

65 1021 260 1097 apendiique
283 1021 347 1080 eius
371 1038 460 1080 causa
482 1020 596 1080 iudicet
617 1018 811 1079 faciundum?
855 1020 961 1096 itaque
983 1021 1109 1080 maiores

97 1111 230 1185 primum
252 1129 271 1169 a
293 1126 399 1188 genere
421 1109 556 1186 probatis
577 1128 701 1185 *operam
727 1108 887 1168 tradebant
906 1103 910 1186 l
931 1108 1148 1185 nchitectiauo

98 1199 203 1258 deinde
223 1199 405 1274 quaerebant
422 1199 448 1257 si
466 1199 589 1258 honeste
604 1200 702 1257 essent
715 1196 841 1274 educati,
858 1197 990 1274 ingenuo
1004 1197 1109 1274 pudori

99 1305 159 1347 non
182 1288 324 1346 audaciae
345 1287 552 1363 protervitatis
576 1285 821 1345 committendum
842 1285 1019 1345 iudicantes.
1055 1285 1110 1362 ipsi

99 1380 201 1435 autem
224 1376 351 1435 artifices
366 1394 430 1434 non
450 1375 625 1434 erudiebant
641 1375 700 1434 nisi
719 1393 787 1434 suos
805 1374 913 1435 liberos
932 1377 988 1434 aut
1006 1392 1110 1453 cogna-

99 1470 146 1524 tos
164 1468 195 1523 et
214 1483 264 1523 eos
280 1465 359 1524 viros
377 1463 471 1523 bonos
489 1461 696 1538 instituebant,
715 1463 824 1539 quibus
841 1466 997 1523 tantarum
1014 1482 1110 1522 rerum

97 1553 169 1612 fides
192 1553 255 1611 sine
276 1552 461 1612 dubitatione
483 1553 714 1628 permitteretur.
760 1626 763 1631 .
834 1551 836 1555 ’
1120 1571 1141 1612 rs

167 1634 261 1722 lOum
280 1643 385 1700 autem
407 1641 611 1700 animadverto
635 1640 672 1699 ab
691 1639 818 1700 indoctis
837 1644 867 1700 et
884 1639 1024 1716 inperitis
1042 1643 1149 1703 tan-(¹³)

98 1735 146 1788 tae
179 1729 353 1805 disciplinae
384 1730 623 1807 magnitudinem
653 1728 760 1788 iactari
791 1732 824 1787 et
850 1727 887 1788 ab
914 1728 942 1788 is
969 1730 1024 1806 qui
1053 1748 1110 1789 nor

97 1818 185 1877 modo
205 1814 306 1895 (non)
329 1817 545 1878 architecturae
568 1817 620 1878 sed
643 1817 762 1878 omnino
785 1836 822 1876 ne
840 1817 971 1877 fabricae
991 1817 1109 1894 quidem

98 1906 238 1965 notitiam
259 1904 379 1983 habent,
401 1925 462 1966 non
484 1925 606 1982 possum
628 1925 688 1967 non
710 1906 833 1965 laudare
856 1909 957 1982 patres
980 1906 1109 1966 familia·

97 2015 163 2053 rum
192 2013 240 2054 eos
269 1994 321 2071 qui
347 1996 535 2054 litteraturae
558 1995 666 2054 fiducia
685 1995 855 2054 confirmati
877 2012 932 2070 per
954 2013 986 2055 se
1010 1994 1140 2055 aedifi-a

100 2087 200 2143 cantes
223 2085 267 2142 ita
290 2084 433 2159 iudicant,
456 2085 482 2143 si
502 2079 663 2163 {inperitis
686 2084 727 2142 sit
749 2083 1007 2159 committendum,
1029 2084 1148 2161 ipsoslt

98 2173 199 2249 potius
218 2173 367 2250 digniores
386 2192 448 2232 esse
468 2173 505 2231 ad
524 2191 609 2232 suam
620 2173 808 2232 voluntatem
824 2190 914 2248 quam
928 2173 968 2230 ad
982 2172 1110 2232 alienam

63 2278 76 2324 7
98 2262 241 2338 pecuniae
264 2278 436 2322 consumere
460 2280 614 2320 summam.
658 2261 762 2336 itaque
789 2278 875 2320 nemo
899 2263 996 2321 artem
1018 2261 1110 2321 ullam

97 2351 189 2409 aliam
218 2353 342 2409 conatur
368 2351 449 2410 domi
476 2352 587 2426 facere,
614 2349 661 2408 uti
678 2350 830 2425 ¹sutrinam
856 2349 1034 2410 fullonicam
1058 2353 1109 2410 aut

97 2459 132 2497 ex
161 2439 266 2498 ceteris
294 2457 370 2514 quae
398 2442 469 2498 sunt
491 2439 647 2514 faciliores,
669 2431 673 2518 l
692 2439 751 2496 nisi
774 2439 1019 2515 architecturam,
1044 2436 1148 2498 ideone

99 2527 178 2602 quod
201 2527 252 2603 qui
275 2527 453 2603 profitentur
474 2547 535 2586 non
562 2530 626 2586 arte
649 2545 720 2586 vera
743 2526 795 2586 sed
816 2527 894 2585 falso
916 2528 1108 2587 nominantur

99 2615 262 2674 architecti.
309 2635 382 2691 quas
410 2615 446 2674 ob
473 2634 520 2674 res
549 2635 654 2692 corpus
682 2615 897 2674 architecturae
918 2616 1107 2693 rationesque

98 2694 161 2762 eius
184 2705 290 2780 putavi
309 2704 534 2782 diligentissime
553 2703 785 2779 conscribendas,
808 2704 933 2779 opinans
951 2704 983 2763 id
1001 2722 1107 2764 munus

98 2792 234 2850 omnibus
257 2791 394 2870 gentibus
417 2810 476 2851 non
499 2795 653 2870 ingratum
675 2794 819 2852 futurum.
854 2792 951 2869 igitur
968 2794 1108 2869 quoniam

96 2881 126 2938 in
151 2881 255 2957 quinto
274 2883 309 2941 de
329 2882 553 2957 opportunitate
572 2882 771 2941 communium
790 2873 923 2963 opelrum
941 2880 1149 2959 perscripsi‚⁸⁰(¹

168 3093 181 3138 1
206 3084 255 3139 cur
281 3086 323 3139 ita
351 3085 404 3139 sim
430 3085 558 3155 pluribus
581 3084 694 3153 ignotus
714 3085 740 3141 S.
768 3087 778 3156 ll
805 3091 821 3139 2
847 3084 998 3155 ambigunt
1017 3085 1105 3158 Hal

95 3155 284 3211 architentent
298 3156 338 3223 H,
352 3158 471 3210 -tectent
485 3156 577 3212 ΒΕΘ.
592 3158 602 3226 ΙΙ
616 3162 632 3210 8
646 3156 749 3227 pet(a8o
763 3157 887 3225 Hlentes
902 3175 928 3211 c.
945 3159 955 3227 ΙΙ
969 3163 985 3211 9
1000 3157 1105 3212 faciun-

95 3227 162 3280 dum
176 3228 244 3283 HS:
264 3227 379 3281 -endum
394 3229 425 3282 E
430 3229 462 3283 G.
483 3229 493 3297 l
515 3232 548 3281 10
565 3225 728 3282 tradebant:
749 3227 857 3282 dabant
873 3227 972 3297 81111
992 3227 1105 3300 ingenio

95 3299 130 3352 E.
145 3299 154 3367 ΙΙ
169 3304 202 3351 12
215 3298 434 3368 permittendum
448 3299 474 3354 S.
489 3301 498 3369 l
514 3303 546 3352 15
561 3297 627 3352 fidei
645 3297 782 3368 pecuniae
800 3315 821 3352 s.
837 3298 862 3353 d.
877 3298 1107 3367 permitterentur

94 3386 114 3422 c
133 3371 191 3438 (ubi
213 3371 343 3440 prorsam,
365 3386 399 3424 ec
415 3387 440 3425 c.
458 3374 509 3435 23,
535 3368 671 3438 pecuniae
697 3371 807 3438 deleait,
832 3370 941 3438 reliqua
966 3377 1001 3426 at
1024 3388 1106 3440 aspra

94 3442 211 3494 mutavit
221 3440 476 3512 Matikr-Strdbiap.
491 3444 500 3510 l
515 3445 547 3493 11
558 3439 595 3494 is:
613 3439 658 3493 his
671 3458 699 3495 c.
714 3443 723 3510 ΙΙ
738 3440 902 3495 walterum
918 3457 977 3495 non
992 3458 1044 3498 cra.
1058 3459 1084 3497 a.
1097 3439 1106 3512 ll

95 3514 128 3563 28
147 3509 177 3563 id
195 3527 308 3564 munus:
326 3528 357 3564 ιιι
374 3528 474 3566 munus
489 3510 553 3578 HS,
572 3509 713 3582 irilmunus
730 3513 775 3580 6⁰,
792 3528 923 3565 mmunus
939 3513 976 3567 E.
