2416 3922
107 178 176 239 ‘330‘
530 179 695 235 VITRUVII

108 328 350 403 perpendiculum
369 331 431 387 eius
445 330 477 387 in
490 331 550 388 imo
565 330 738 406 capricorni,
759 325 762 408 1
784 330 823 389 ad
836 330 973 388 dextram
987 335 1169 407 spectanda

107 416 149 475 eis
181 415 286 491 librae,
318 418 356 476 ad
383 418 536 477 sinistram
563 419 664 477 arietis
693 421 823 497 signum,
857 423 1016 495 ceteraque
1045 421 1123 478 inter

59 530 84 573 ‚3
105 524 208 569 acrum
232 507 330 582 spatia
349 508 506 583 designata
527 509 596 584 sint,
619 509 664 565 uti
687 509 719 565 in
742 509 823 567 caelo
842 508 992 567 videntur.
1029 508 1123 586 igitur

105 613 173 655 cura
197 595 240 652 sol
263 596 407 654 fueritin
431 597 616 671 capricorno,
639 596 763 656 orbiculi
785 597 902 674 lingula
923 592 926 675 1
947 598 980 655 in
998 597 1121 656 maioris
1129 603 1176 660 241

105 683 243 759 tympani
270 688 356 758 parte
384 686 549 760 capricorni
577 685 684 744 cotidie
708 686 825 762 singula
847 689 961 761 puncta
984 688 1143 764 tangens,a

105 772 144 831 ad
171 773 414 847 perpendiculum
440 773 551 832 habens
580 792 676 849 aquae
699 774 843 833 currentis
865 775 1027 834 vehemens
1050 793 1120 850 pou-

104 863 174 934 duS,
207 861 341 920 celeriter
371 882 425 937 per
456 863 581 921 orbiculi
612 864 745 922 foramen
772 863 803 920 id
831 864 964 921 extrudit
992 864 1032 922 ad
1059 882 1119 938 vas,

106 949 185 1027 quod
214 951 360 1025 excipiens
386 970 465 1026 earn,
493 970 560 1009 cunr
582 950 667 1010 brevi
690 952 788 1026 spatio
811 952 967 1027 impletur,
996 953 1120 1027 corripit

105 1045 135 1098 et
161 1031 164 1118 1
190 1041 338 1097 contrahit
369 1040 484 1098 dierum
516 1041 613 1115 spatia
645 1043 676 1098 et
710 1041 858 1099 horarum.
915 1059 985 1099 cum
1017 1044 1152 1101 autema)

105 1127 254 1187 cotidiana
286 1130 453 1188 versatione
484 1129 607 1188 minoris
636 1131 774 1204 tympani
804 1129 920 1206 lingula
950 1130 1117 1206 ingreditur
1129 1150 1152 1188 ιο

104 1221 135 1276 in
168 1217 285 1292 aquarii
316 1222 440 1293 puncta,
472 1217 602 1276 discedet
632 1219 767 1276 foramen
797 1238 814 1276 a
843 1218 1058 1293 perpendiculo
1090 1221 1118 1276 ct

105 1325 182 1382 aqua
202 1325 217 1364 e
235 1307 403 1365 vehementi
421 1326 510 1366 cursu
528 1309 650 1383 cogetur
667 1307 784 1366 tardius
803 1307 939 1365 emittere
953 1307 1116 1366 salientem.

104 1398 147 1454 ita
181 1414 238 1470 quo
270 1397 367 1454 minus
400 1396 487 1455 celeri
519 1415 605 1454 cursu
634 1414 687 1454 vas
716 1395 826 1471 excipit
853 1414 976 1471 aquam,
1008 1396 1117 1455 dilatat

59 1503 83 1549 ll
104 1485 243 1544 horarum
280 1486 386 1559 spatia.
412 1480 416 1563 1
443 1485 560 1561 aquarii
596 1504 666 1543 vero
702 1485 888 1560 pisciumque
919 1486 1040 1559 punctis
1072 1485 1115 1543 uti
1123 1496 1160 1545 111)

105 1573 243 1650 gradibus
280 1573 422 1632 scandens
455 1574 579 1633 orbiculi
611 1575 745 1631 foramen
775 1575 807 1631 in
839 1574 932 1632 ariete
964 1574 1114 1650 tangendo
1127 1593 1148 1632 1⁵

104 1665 240 1720 octavam
267 1665 383 1736 partem
410 1681 488 1738 aqua
515 1666 679 1737 temperate
707 1661 826 1721 salienti
852 1664 988 1738 praestat
1015 1663 1114 1738 aequi-

104 1751 246 1808 noctiales
268 1751 364 1809 horas.
402 1751 439 1809 ab
463 1751 555 1809 ariete
576 1771 630 1827 per
651 1751 732 1809 tauri
755 1754 785 1809 et
808 1753 994 1829 geminorum
1017 1752 1115 1827 spatia

104 1839 142 1896 ad
170 1857 284 1897 summa
307 1841 405 1897 cancri
428 1842 539 1915 puncta
561 1841 656 1915 partis
681 1843 803 1900 octavae
825 1841 960 1899 foramen
984 1858 1016 1899 se
1040 1843 1114 1915 tym-

103 1928 174 2002 pani
197 1927 414 1987 versationibus
437 1947 582 2005 peragens
606 1932 636 1987 et
658 1930 689 1987 in
710 1925 714 2007 1
735 1929 925 1987 altitudinem
945 1947 982 1987 eo
1000 1929 1114 1988 rediens
1122 1938 1157 1988 (1⁵)

103 2016 214 2074 viribus
238 2019 422 2092 extenuatur,
446 2019 541 2077 etita
564 2018 678 2076 tardius
702 2018 818 2076 fluendo
842 2017 951 2076 dilatat
972 2017 1113 2076 morando
1126 2036 1147 2076 ro

103 2105 201 2181 spatia
220 2108 250 2163 ct
269 2106 359 2164 efficit
376 2108 464 2166 horas
482 2107 514 2164 in
533 2107 632 2166 cancri
650 2107 735 2183 signo
754 2106 934 2165 solstitiales,
972 2125 991 2164 a
1009 2125 1113 2165 cancro

103 2214 169 2253 oum
191 2196 339 2270 proclinat
362 2199 392 2254 et
411 2197 529 2272 peragit
547 2215 600 2270 per
617 2197 732 2254 leonem
751 2199 780 2254 et
798 2195 944 2272 virginem
964 2195 1003 2254 ad
1020 2196 1112 2253 librae

101 2283 195 2358 partis
224 2287 345 2342 octavae
372 2288 483 2360 puncta
506 2284 679 2344 revertendo
703 2287 733 2342 et
755 2283 904 2362 gradatim
927 2284 1112 2360 corripiendo

102 2373 199 2447 spatia
219 2373 368 2431 contrahit
385 2375 482 2448 horaS,
506 2375 535 2431 et
552 2374 596 2431 ita
614 2375 787 2448 perveniens
809 2367 812 2449 Ι
833 2373 871 2430 ad
888 2376 1003 2447 puncta
1021 2373 1112 2431 librae
1120 2381 1154 2432 (11)

59 2476 82 2522 ‚5
103 2461 334 2536 aequinoctiales
365 2481 467 2521 rursus
499 2462 597 2520 reddit
627 2462 725 2520 horas.
770 2481 824 2537 per
851 2462 1016 2536 scorpionis
1044 2480 1110 2521 vero
1123 2480 1144 2520 re

102 2551 201 2624 spatia
231 2554 261 2608 et
289 2551 440 2626 sagittarii
466 2551 627 2626 proclivius
654 2551 819 2626 deprimens
848 2569 878 2608 se
905 2551 1043 2610 foramen
1069 2569 1110 2609 re·

102 2639 241 2714 diensque
261 2638 486 2698 circumactione
502 2639 539 2698 ad
554 2639 719 2714 capricorni
732 2643 848 2714 partem
861 2657 925 2714 vm,
943 2640 1112 2698 restituitur

102 2728 252 2785 eeleritate
275 2728 408 2788 salientis
432 2729 470 2787 ad
492 2728 640 2786 brumales
664 2729 804 2786 horarum
825 2728 997 2787 brevitates,

173 2975 186 3021 1
203 2971 360 3038 spectantes
374 2987 401 3023 ac.
416 2972 425 3039 11
440 2976 455 3022 2
475 2969 549 3038 signi
562 2986 590 3023 a.
605 2970 644 3037 14
663 2967 693 3020 in
707 2968 864 3036 capricorni
878 2967 1007 3022 orbiculo
1020 2967 1109 3039 ligula

99 3058 126 3094 c.
141 3043 180 3109 15
198 3041 279 3110 parte
298 3041 321 3094 dc
340 3042 378 3109 (et
394 3040 429 3106 G)
448 3057 470 3094 c.
490 3058 517 3094 ec.
537 3043 575 3110 17
595 3040 714 3093 advasti'i
733 3039 873 3108 excipiens
892 3056 919 3093 c.
939 3042 948 3107 11
967 3043 984 3092 9
1004 3039 1110 3093 dierum

99 3111 214 3165 minoris
229 3111 322 3180 spatia
330 3129 357 3166 ec.
372 3114 381 3180 11
397 3117 429 3164 10
444 3112 557 3166 maioris
571 3109 699 3181 tympani
712 3110 822 3180 lingula
833 3112 881 3180 (sic
890 3111 924 3163 H
929 3111 963 3178 G,
978 3109 1109 3180 ligulaS)

99 3182 275 3251 ingrediatur
292 3183 323 3235 in
342 3183 457 3250 aquario
477 3186 578 3237 cuncta
596 3182 767 3236 descendent
785 3182 883 3250 (deant
896 3182 949 3251 Hc)
972 3181 1110 3236 foramina

100 3253 299 3322 perpendiculo
319 3253 341 3306 tt
361 3270 406 3321 aq,
425 3258 462 3327 1-9
479 3255 542 3325 GS)
561 3273 587 3307 v.
607 3271 628 3309 c.
649 3253 759 3324 cogitur
776 3272 802 3307 ec.
818 3255 827 3322 11
843 3257 875 3304 13
894 3252 937 3306 ita
955 3253 1108 3307 comminus

99 3325 126 3378 S.
150 3328 159 3392 11
184 3330 215 3376 15
234 3325 389 3377 formamcn
402 3325 441 3378 H.
465 3328 473 3395 11
498 3332 530 3379 16
550 3342 640 3394 aquae
659 3327 697 3398 1-9
713 3325 778 3393 GS)
796 3341 823 3378 c.
842 3326 852 3395 1
871 3329 904 3377 18
925 3340 967 3377 se:
988 3341 1038 3378 scu
1055 3341 1082 3378 cc.

100 3401 133 3447 20
153 3395 256 3448 dilatat
271 3396 309 3450 G:
329 3397 383 3448 -tet
401 3397 459 3465 (td
473 3398 508 3450 Η
511 3399 520 3466 )
534 3398 569 3451 H
570 3397 597 3452 S.
616 3399 625 3466 11
644 3402 676 3449 21
697 3396 790 3449 cancri
806 3397 879 3451 (pgr,
899 3395 1010 3449 canoris
1025 3395 1059 3448 H
1061 3395 1086 3449 S.

100 3471 133 3518 24
154 3466 245 3535 spatio
264 3467 296 3520 G.
326 3470 334 3535 11
361 3472 395 3519 25
415 3466 633 3534 aequinoctiales
649 3468 687 3522 G:
707 3466 754 3519 -lis
769 3468 800 3520 H
805 3467 830 3521 S.
854 3469 864 3536 11
887 3473 921 3521 26
940 3465 1107 3534 radiansque

100 3538 133 3591 G.
158 3541 167 3606 1
190 3543 222 3590 27
242 3556 298 3590 vm.
314 3538 347 3590 H
352 3537 389 3591 G:
409 3540 538 3592 octavam
552 3539 579 3593 S.
