2416 3922
528 152 692 205 VlTltUVll

421 419 553 523 LIBER
577 420 800 486 SEPTIMUS.

69 605 82 652 1
169 588 296 647 Maiores
320 606 387 645 oum
410 587 560 662 sapienter
577 590 643 645 tum
666 587 758 645 etiam
780 587 895 646 utiliter
912 585 1107 659 instituerunt,

105 669 108 759 l
128 696 182 752 per
200 676 479 735 commentariorum
500 676 660 734 relationes
684 677 817 753 cogitata
840 675 957 734 tradere
979 674 1136 751 posterisltl

102 768 138 825 ut
161 785 196 824 ea
218 784 278 824 non
301 764 457 822 interirent
484 765 535 823 sed
558 765 682 842 singulis
706 764 855 824 aetatibus
879 763 1108 823 crescentiam

101 853 262 913 luminibus
286 854 366 912 edita
389 852 538 930 gradatim
555 854 745 929 pervenirent
761 852 962 913 vetustatibus
982 852 1020 912 ad
1039 869 1129 912 sum-s

102 962 182 1001 mam
205 941 406 1001 doctrinarum
429 941 633 1001 subtilitatem.
669 943 772 1018 itaque
795 960 855 1000 non
877 942 1041 1001 mediocres
1064 940 1110 1001 sed

101 1031 235 1090 infinitae
253 1034 322 1090 sunt
339 1031 365 1090 is
385 1031 515 1108 agendae
534 1030 657 1108 gratiae,
682 1031 761 1106 qnod
778 1051 839 1090 non
861 1031 1007 1090 invidiose
1027 1031 1109 1090 silen-

101 1124 146 1180 tes
177 1112 461 1201 praeltermiserunt,
494 1119 546 1178 sed
577 1119 710 1177 omnium
741 1139 883 1197 generum
915 1137 1019 1179 sensus
1048 1138 1110 1180 con·
1118 1127 1152 1179 (11)

66 1208 310 1285 ascriptionibus
337 1208 496 1267 memoriae
523 1208 682 1267 tradendos
706 1211 891 1268 curaverunt.
936 1207 1111 1284 namquesi

101 1318 161 1357 non
182 1298 226 1356 ita
247 1299 396 1372 fecissent,
418 1316 478 1355 non
500 1298 697 1372 potuissemus
721 1298 795 1356 scire
815 1317 890 1373 quae
908 1315 955 1356 res
973 1297 1006 1355 in
1026 1297 1112 1358 Troia
1123 1315 1145 1356 n

100 1389 227 1447 fuissent
254 1389 368 1463 gestae,
395 1405 449 1444 nec
477 1385 549 1460 qnid
572 1387 680 1444 Thales
708 1385 896 1446 Democritus
919 1385 1113 1463 Anaxagoras

100 1476 296 1552 Xenophanes
319 1475 484 1550 reliquique
507 1474 623 1550 physici
646 1476 805 1534 sensissent
827 1475 863 1533 de
885 1494 987 1533 rerum
1004 1477 1113 1533 natura

101 1583 233 1641 quasque
253 1563 388 1623 Socrates
406 1563 516 1625 Platon
536 1558 540 1642 1
561 1563 737 1622 Aristoteles
762 1564 860 1622 Zenon
878 1563 1027 1639 Epicurus
1051 1562 1154 1641 alii-(lt

103 1673 159 1728 que
195 1652 365 1728 philosophi
401 1651 569 1710 bominibus
607 1652 739 1728 agendae
770 1653 851 1712 vitae
888 1652 1113 1712 terminationes

100 1742 236 1801 finissent
268 1760 318 1800 seu
353 1739 475 1800 Croesus
508 1741 676 1800 Alexander
707 1741 816 1800 Darius
849 1741 998 1817 ceterique
1031 1759 1147 1818 regesa

102 1849 176 1906 quas
204 1849 250 1889 res
279 1833 332 1887 aut
359 1829 465 1905 quibus
493 1830 657 1888 rationibus
681 1830 840 1907 gessissent
866 1830 995 1888 fuissent
1017 1832 1114 1903 notae,

100 1919 159 1978 nisi
176 1919 302 1977 maiores
320 1922 546 1994 praeceptorum
565 1918 834 1994 comparationibus
854 1917 987 1978 omnium
1005 1937 1114 1978 memo·

65 2009 164 2070 triae
201 2008 238 2066 ad
274 2009 480 2083 posteritatem
514 2007 732 2066 commentariis
766 1998 957 2088 extullissent.
1012 2007 1114 2083 itaque
1122 2016 1154 2068 (2⁰1

101 2096 350 2172 quemadmodum
367 2096 413 2155 his
432 2096 547 2174 gratiae
567 2100 635 2155 sunt
654 2095 796 2173 agendae,
818 2098 921 2155 contra
940 2096 995 2171 qui
1013 2114 1115 2156 eorum

100 2187 211 2262 scripta
246 2186 379 2244 furantes
416 2203 469 2260 pro
503 2185 563 2243 suis
595 2185 768 2260 praedicant
800 2187 870 2244 sunt
889 2176 893 2264 l
914 2183 1114 2260 vituperandi,
1122 2190 1153 2247 15

101 2275 209 2350 quique
227 2293 288 2333 non
305 2274 434 2350 propriis
453 2273 682 2350 cogitationibus
701 2274 879 2348 scriptorum
896 2274 1045 2350 nituntur,
1064 2273 1113 2333 sed
1124 2293 1146 2332 n

99 2363 208 2422 invidis
226 2362 357 2422 moribus
376 2363 474 2421 aliena
492 2363 637 2421 violantes
656 2362 832 2439 gloriantur,
854 2381 915 2420 non
935 2360 1025 2421 modo
1045 2364 1115 2422 sunt

99 2451 341 2527 reprehendendi,
363 2451 415 2509 sed
438 2451 528 2510 etiam
547 2451 618 2526 qnia
636 2451 728 2526 impio
746 2469 828 2509 more
846 2451 994 2526 vixerunt,
1016 2469 1113 2527 poena

100 2539 321 2599 condemnandi.
367 2559 420 2599 nec
443 2543 544 2598 tamen
570 2540 643 2598 haec
665 2558 711 2598 res
734 2559 794 2599 non
816 2530 995 2621 vinidieetae
1018 2539 1146 2601 curio-(⁵)

100 2629 161 2686 sius
188 2628 226 2686 ab
253 2628 384 2703 antiquis
413 2647 476 2688 esse
502 2632 712 2688 memorantur.
760 2647 885 2704 quorum
913 2627 1009 2688 exitus
1037 2629 1147 2688 iudi-es

100 2716 212 2776 ciorum
240 2717 292 2792 qui
315 2717 439 2792 fuerint,
467 2736 526 2775 non
550 2720 594 2776 est
622 2717 754 2776 alienum
777 2716 1030 2793 quemadmodum
1053 2719 1111 2778 sint

171 2927 186 2974 2
206 2920 321 2976 Maioris
340 2922 368 2977 s.
395 2923 405 2992 l
433 2928 447 2975 r
467 2921 504 2977 a:
523 2921 568 2975 aa
587 2939 614 2976 a.
642 2923 651 2990 l
680 2926 712 2975 11
731 2921 836 2990 nequa
854 2939 874 2976 a
893 2899 1018 2992 (usqne
1037 2921 1117 2978 aas

98 2994 175 3063 ipae).
192 2993 197 3064 l
212 2992 285 3047 tales
303 3000 367 3048 onte
385 3011 453 3048 corr.
468 2994 508 3048 H.
526 2995 535 3063 ll
555 2998 587 3046 13
605 2991 749 3062 platon..
766 3036 771 3047 .
787 3009 875 3048 aenon
893 2995 951 3063 (sic,
969 2995 1018 3049 ced
1035 2992 1113 3064 philo

100 3066 150 3132 bre)
168 3082 195 3118 a.
220 3066 229 3134 ll
253 3068 285 3117 16
305 3080 431 3119 croessus
449 3081 477 3118 a.
500 3065 510 3134 ΙΙ
534 3069 566 3117 16
585 3062 705 3118 fuissent
721 3065 807 3118 notae
826 3063 904 3119 H&
917 3081 976 3118 non
993 3063 1114 3119 fuissent

99 3137 181 3208 nocte
198 3136 224 3190 G
241 3137 318 3207 (note
337 3137 391 3205 6⁶).
410 3137 420 3204 ll
440 3140 472 3188 17
491 3136 702 3205 praeceptorem
719 3141 783 3190 octe
801 3153 870 3190 corr.
885 3135 923 3189 Η;
938 3137 948 3206 ll
963 3140 997 3189 18
1016 3135 1112 3205 itaque

99 3205 231 3276 Effice:
250 3205 293 3260 ita
308 3207 341 3261 G.
360 3207 370 3276 ΙΙ
389 3211 421 3258 19
441 3207 507 3260 sunt
525 3206 661 3276 agendae,
681 3208 778 3260 contra
793 3207 853 3276 (L):
873 3208 939 3260 sunt
957 3206 1114 3276 agendaert

99 3296 196 3348 contra
210 3295 254 3361 H,
278 3294 387 3368 agendp
406 3282 428 3350 f.
445 3293 482 3348 lic
501 3296 580 3348 ectra
594 3295 623 3364 S,
645 3296 712 3348 sunt
734 3295 843 3368 regende
862 3292 923 3366 (sic
946 3295 1012 3350 add.
1029 3293 1111 3367 Gr>l

99 3367 213 3419 econtra
228 3366 261 3421 G.
286 3368 295 3434 ΙΙ
318 3371 352 3419 23
369 3365 555 3434 repraehendi
574 3368 635 3434 (stc)
653 3366 691 3421 H.
714 3368 719 3435 Ι
742 3365 822 3434 quia:
841 3365 891 3433 qui
908 3382 936 3419 a.
960 3366 970 3435 ΙΙ
994 3371 1029 3421 24
1048 3382 1112 3421 eon·

99 3434 271 3506 dempnandi
293 3439 335 3505 (ct
353 3440 461 3504 157,14
484 3437 714 3507 condempnatos)
737 3453 787 3491 scr.
805 3436 903 3491 HSG⁰
920 3438 989 3505 (non
1009 3437 1059 3507 G),
1081 3442 1112 3492 ret

98 3505 245 3576 dampnati
260 3507 427 3576 SG⁰158,2
445 3510 512 3577 (ccc
527 3507 608 3575 HG).
625 3509 629 3578 Ι
645 3507 717 3562 haec
731 3508 765 3561 Η
780 3507 853 3582 (hec)
868 3507 905 3562 G:
924 3507 961 3582 he
978 3508 1005 3563 S.
