2416 3922
117 167 180 232 178
536 166 700 221 VITltUVII

75 329 102 382 X
177 310 353 400 {ingrediar
375 335 452 375 nune
475 317 513 374 ad
536 335 571 375 ea
595 336 670 393 quae
694 337 729 376 ex
751 318 818 378 aliis
841 317 998 395 generibus
1021 321 1165 385 tractat&

116 409 234 467 tionum
264 406 472 481 temperaturis
504 409 686 465 commutata
716 407 864 482 recipiunt
896 408 1030 465 colorum
1060 424 1123 484 pro·

116 497 268 572 prietates,
291 497 321 553 et
342 494 471 569 primum
489 513 634 570 exponam
652 495 688 554 de
707 498 883 570 atramento,
906 496 990 554 cuius
1008 514 1079 556 usus
1094 497 1123 554 in

21 643 24 648 ,
117 583 253 660 operibus
280 601 404 659 magnas
431 582 522 642 habet
543 585 747 658 necessitates,
773 588 809 643 ut
831 584 892 643 sint
913 588 1004 644 notae
1029 604 1122 660 quem·

117 673 276 732 admodum
306 663 531 753 praelparentur
557 673 645 731 certis
671 672 836 731 rationibus
865 673 1061 732 artificiorum
1089 673 1145 734 udo

81 778 98 825 2
116 763 148 820 id
170 764 396 836 temperaturae.
442 779 570 836 namque
593 761 766 820 aedificatur
788 762 870 821 lacus
893 763 939 821 uti
962 762 1123 822 laoonicrnn

117 854 148 910 et
175 850 323 926 expolitur
344 868 490 908 marmore
517 850 667 909 subtiliter
689 853 720 908 et
744 851 900 928 levigatur.
947 853 1019 910 ante
1041 851 1072 909 id
1092 850 1123 908 lit

116 938 270 998 fornacula
291 937 403 996 habens
425 940 458 996 in
480 939 645 997 laconicum
668 957 762 1014 narce,
784 942 816 997 et
839 940 901 998 eius
923 940 1123 1014 praefurnium

116 1046 226 1104 magna
248 1027 404 1104 diligentia
427 1028 631 1102 comprimitur
653 1046 690 1085 ne
712 1027 832 1085 flamma
855 1031 939 1086 extra
958 1029 1122 1105 dissipetur.

116 1118 149 1174 in
170 1118 290 1174 fornace
311 1116 408 1174 resina
428 1111 433 1193 l
454 1117 631 1175 conlocatur.
671 1117 748 1174 hanc
771 1119 871 1174 autem
893 1117 973 1194 ignis
995 1120 1154 1192 potestatis

117 1205 227 1264 urendo
250 1205 331 1281 cogit
354 1207 487 1263 emittere
505 1224 559 1280 per
576 1223 661 1263 nares
679 1205 759 1263 intra
777 1205 944 1264 laconicum
961 1206 1122 1283 fuliginem,

117 1313 193 1370 quae
220 1294 298 1352 circa
324 1295 469 1369 parietem
497 1296 527 1352 et
555 1311 690 1352 camarae
717 1297 907 1352 curuatmam
934 1295 1122 1354 adhaerescit

116 1383 184 1441 inde
203 1383 328 1441 collecta
345 1383 456 1457 partim
474 1382 661 1458 componitur
679 1401 714 1440 ex
727 1382 835 1440 cummi
850 1382 974 1442 subacta
988 1383 1027 1441 ad
1041 1402 1121 1442 usum

117 1472 276 1530 atramenti
303 1470 430 1543 librarii,
460 1472 576 1546 reliqua
602 1473 727 1529 tectores
755 1471 904 1547 glutinum
932 1472 1121 1532 admiscentes

83 1575 99 1622 3
117 1561 149 1619 in
170 1558 333 1636 parietibus
357 1562 487 1619 utuntur.
510 1554 514 1637 l
535 1560 581 1618 sin
603 1561 705 1617 autem
728 1559 784 1617 hae
807 1560 910 1635 copiae
932 1579 994 1618 non
1016 1561 1122 1620 fuerint
1132 1577 1152 1618 15

117 1651 250 1725 paratae,
267 1648 311 1705 ita
329 1648 552 1706 necessitatibus
568 1649 624 1706 erit
642 1648 918 1723 administrandum,
935 1668 974 1707 ne
994 1652 1122 1725 expects·

117 1737 199 1795 tione
220 1755 321 1794 morae
343 1755 389 1794 res
411 1737 580 1795 retineatur.
623 1741 770 1795 sarmenta
793 1739 847 1795 aut
867 1737 975 1796 taedae
999 1738 1123 1798 schidiae

119 1825 336 1899 comburantur,
360 1844 426 1883 cum
449 1829 534 1883 erunt
557 1825 697 1884 carbones
720 1826 943 1902 extinguantur,
970 1827 1076 1886 deinde
1095 1828 1123 1884 in

82 1930 100 1976 4
118 1914 260 1972 mortario
283 1933 350 1971 cum
368 1914 483 1990 glutino
501 1917 644 1972 terantur.
680 1915 724 1973 ita
742 1914 800 1973 erit
817 1917 1020 1973 atramentum
1037 1919 1122 1974 tecto·

118 2003 200 2061 ribus
222 2021 282 2060 non
304 2003 500 2061 invenustum.
545 2022 605 2061 non
626 2003 724 2061 minus
745 1998 748 2080 Ι
769 2003 795 2062 si
821 2004 888 2061 faex
910 2004 975 2062 vini
999 2005 1153 2063 arefactam

120 2093 149 2150 et
172 2094 255 2150 cocta
277 2092 309 2148 in
335 2092 454 2149 fornace
483 2092 573 2150 merit
596 2095 626 2150 et
649 2110 683 2149 ea
706 2092 834 2150 contrita
857 2111 924 2150 cum
952 2093 1070 2170 glutino
1095 2093 1123 2150 in

120 2199 207 2256 opere
234 2179 397 2254 inducetur,
424 2198 626 2255 superquam
652 2180 810 2238 atramenti
837 2181 998 2240 suavitatis
1021 2181 1123 2240 efficiet

120 2270 259 2343 colorem,
291 2271 321 2327 et
353 2287 410 2344 quo
438 2269 534 2345 magis
563 2288 597 2327 ex
623 2269 744 2327 meliore
771 2269 840 2327 vino
867 2269 1039 2350 parabitur,
1069 2289 1122 2330 uon

118 2358 206 2416 modo
229 2358 388 2416 atramenti
411 2357 461 2416 sed
485 2357 575 2415 etiam
597 2357 688 2415 indici
711 2357 837 2416 colorem
860 2357 945 2415 dabit
962 2358 1085 2417 imitari.

64 2454 105 2508 XI
188 2438 343 2528 {Gaemlei
365 2447 594 2521 temperationes
616 2446 814 2504 Alexandriae
837 2447 967 2521 primum
991 2451 1064 2506 sunt
1083 2449 1152 2505 in-ss

119 2537 235 2609 ventae,
257 2538 361 2610 postea
383 2535 456 2592 item
473 2533 627 2594 Vestorius
645 2534 778 2594 Puteolis
797 2535 928 2592 instituit
946 2535 1121 2595 faciundum.

119 2624 197 2681 ratio
225 2626 325 2680 autem
347 2621 410 2680 eius
434 2641 449 2680 e
473 2623 579 2698 quibus
607 2625 652 2682 est
677 2624 799 2681 inventa
821 2623 894 2682 satis
922 2623 1014 2682 habet
1036 2624 1121 2682 admi·

119 2712 252 2769 rationis.
288 2711 399 2769 harena
418 2711 496 2768 enim
519 2730 585 2769 cum
607 2712 679 2769 nitri
697 2712 768 2770 flore
787 2712 950 2770 conteritur
968 2713 1044 2772 adeo
1063 2712 1122 2773 sub·

122 2800 217 2858 tiliter
239 2802 273 2856 ut
295 2799 442 2858 efficiatur
464 2800 711 2874 quemadmodum
731 2801 842 2875 farina,
868 2802 897 2858 et
920 2819 971 2859 aes
995 2803 1124 2879 cyprium

121 2977 333 2988 -—-—-—

192 3098 207 3145 6
230 3090 308 3146 lacus
332 3092 406 3146 Nohl
429 3090 597 3161 (lacusculns
617 3092 686 3148 Fac.
701 3095 833 3160 307‚16):
861 3091 940 3146 locus
962 3110 990 3148 a.
1013 3096 1035 3219 E
1055 3099 1072 3148 9
1092 3107 1124 3147 ns

121 3163 233 3220 EGffl:
251 3179 303 3216 neo
321 3162 356 3216 H
370 3164 593 3219 attentemus.
621 3167 630 3233 ΙΙ
658 3168 691 3216 10
710 3163 864 3218 collocatur
881 3163 954 3218 EG:
979 3180 1013 3218 co
1036 3167 1125 3219 ocatur

121 3234 183 3289 HS.
211 3236 221 3303 l
249 3240 281 3287 12
301 3249 427 3287 camerae
449 3235 501 3303 (-re
522 3234 586 3303 (ΞΒ)
604 3252 632 3289 a.
659 3237 669 3304 l
697 3240 729 3289 13
748 3233 855 3304 gummi
872 3251 893 3289 a
916 3236 961 3305 (of.
979 3235 1053 3291 Gaas.
1069 3235 1122 3290 ru.

117 3322 147 3374 p.
164 3308 230 3372 230,
250 3305 347 3358 sl'heod.
362 3305 449 3358 Prisc.
463 3322 494 3373 p.
510 3308 564 3360 505
582 3307 659 3374 iud).
685 3307 689 3376 Ι
715 3304 830 3360 subacto
847 3323 875 3361 a.
902 3306 912 3374 ῙΙ
940 3310 975 3358 14
992 3305 1045 3360 reli
1064 3321 1125 3359 uum

121 3377 172 3444 (ui)
195 3393 222 3430 x.
251 3378 260 3445 ΙΙ
288 3380 320 3428 15
340 3374 395 3427 sin:
419 3374 443 3428 si
466 3393 494 3429 x.
522 3377 532 3444 Η
560 3382 592 3428 17
615 3377 698 3430 tedae
717 3378 772 3445 (H,
794 3377 859 3431 tede
877 3377 940 3444 SE,
961 3377 1029 3452 tede
1092 3376 1124 3457 G)

122 3445 247 3500 schidiae
265 3443 347 3515 (acidi
377 3446 417 3514 E)
435 3464 462 3500 a.
480 3448 490 3515 l}
508 3451 542 3499 20
560 3446 607 3501 fex
624 3465 652 3501 a.
672 3450 683 3518 tt
703 3453 736 3500 22
756 3463 893 3518 superque
911 3448 960 3517 (q3)
979 3447 1125 3502 atramenti

121 3532 148 3571 a.
162 3519 172 3586 ΙΙ
186 3522 219 3570 25
229 3519 332 3585 cae(ce-
358 3516 464 3586 ,Shuli
473 3534 500 3571 a.
514 3518 524 3586 l
539 3523 572 3570 26
586 3517 747 3572 faciendum
757 3520 792 3573 E.
806 3522 816 3589 l
830 3524 863 3572 29
879 3519 935 3588 cyfi
945 3519 1123 3590 Emptum
