2416 3922
149 184 190 248 68
570 182 736 238 VITRUVII

115 351 130 397 3
149 339 237 393 tunas
261 333 413 393 extribus
437 353 513 409 quae
537 335 736 410 estproximo
759 337 878 410 portam
902 333 1068 394 Collinam
1096 355 1163 411 pro·

151 424 244 498 stylos
260 421 359 481 omnia
372 422 463 481 habet
478 423 726 499 quemadmodum
738 423 771 481 in
790 423 877 498 antis,
896 424 1048 483 columnas
1064 428 1165 484 autem

150 514 254 570 contra
277 514 363 570 antas
387 513 544 589 angulares
567 512 655 587 duas,
683 531 831 588 supraque
860 512 1001 588 epistylia
1024 513 1165 589 quemad·

149 600 271 658 modum
303 603 333 658 et
363 599 396 658 in
428 601 519 677 antis,
552 604 582 659 et
614 601 717 659 dextra
738 595 742 679 Ι
763 619 797 658 ac
829 602 949 660 sinistra
976 602 1008 660 in
1035 603 1164 662 versuris
1172 613 1207 664 (1⁰)

152 690 277 766 singula.
322 689 410 748 huius
438 691 589 765 exemplar
616 693 661 748 cst
687 690 719 748 in
746 689 844 748 insula
868 689 1007 748 Tiberina
1034 691 1067 748 in
1093 691 1187 751 aedes

114 794 131 840 4
149 778 230 837 lovis
254 782 284 837 et
302 777 407 836 Fauni.
445 779 696 854 amphiprostylos
721 779 820 836 omnia
837 779 929 838 habet
947 798 982 838 ea
1001 799 1079 854 quae
1097 799 1164 856 pro·

150 868 258 942 stylos,
285 869 498 942 praetereaque
525 867 615 925 habet
641 868 673 925 in
696 868 810 943 postico
834 867 872 925 ad
896 868 1020 926 eundem
1043 869 1165 928 modum

116 972 132 1019 5
151 956 303 1014 columnas
322 959 353 1014 et
369 956 533 1033 fastigium.
569 956 734 1032 peripteros
754 958 855 1014 autem
873 957 931 1014 erit
949 976 1024 1032 quae
1044 957 1166 1017 habebit

149 1045 181 1103 in
196 1045 310 1105 tronto
343 1047 373 1103 et
403 1046 518 1120 postico
547 1064 632 1104 senas
663 1045 828 1120 columnas,
858 1045 891 1103 in
922 1046 1066 1105 lateribus
1099 1066 1165 1106 cum

152 1125 364 1215 langularibus
387 1134 528 1192 undenas
564 1135 608 1192 ita
631 1136 732 1192 autem
755 1135 816 1192 sint
837 1134 893 1193 hae
917 1135 1073 1194 columnae
1098 1142 1207 1196 con-¹⁰0

149 1223 265 1281 locatae
283 1225 318 1280 ut
335 1222 556 1282 intercolumnii
573 1222 744 1281 latitudinis
762 1223 955 1282 intervallum
973 1224 1013 1281 sit
1031 1243 1051 1282 a
1069 1225 1164 1300 parie-

149 1310 228 1369 tibus
252 1311 363 1369 circum
386 1313 424 1369 ad
448 1314 593 1370 extremos
617 1311 733 1370 ordines
757 1311 973 1386 columnarum,
995 1312 1164 1390 habeatque

150 1399 384 1458 ambulationem
411 1400 489 1458 circa
517 1400 623 1458 cellam
656 1400 751 1475 aedis,
784 1401 1033 1476 quemadmodum
1061 1404 1109 1461 est
1135 1403 1165 1460 in

149 1488 266 1564 porticu
289 1488 404 1547 Metelli
426 1488 505 1547 Iovis
526 1488 653 1547 Statoris
671 1489 847 1547 Hermodori
871 1492 902 1547 et
924 1490 1005 1549 aedis
1028 1489 1165 1550 Mariana

115 1593 131 1640 6
149 1577 278 1635 Honoris
299 1570 303 1654 Ι
325 1579 355 1635 et
376 1576 505 1635 Virtutis
528 1577 591 1636 sine
614 1577 728 1653 postico
752 1597 770 1636 a
793 1578 890 1636 Mucio
913 1578 1003 1637 facta.
1039 1579 1207 1654 pseudo-stt

150 1665 282 1741 dipteros
306 1668 406 1723 autem
430 1667 471 1724 sic
495 1666 666 1725 conlocatur
688 1670 722 1725 ut
744 1667 777 1724 in
799 1667 896 1725 fronte
915 1671 946 1726 et
967 1667 1084 1743 postico
1104 1670 1164 1728 sint

151 1754 305 1812 columnae
338 1757 474 1829 octonae,
505 1755 537 1813 in
568 1754 711 1814 lateribus
739 1773 807 1813 cum
834 1755 1025 1832 angularibus
1057 1757 1165 1832 quinae

150 1843 252 1900 denae.
289 1843 349 1901 sint
369 1846 469 1901 autem
487 1843 615 1918 parietes
636 1845 728 1903 cellae
747 1847 850 1902 contra
868 1847 1028 1920 quaternas
1053 1846 1163 1904 colum·

150 1950 204 1989 nas
236 1931 387 1990 medianas
419 1933 452 1990 in
482 1933 580 1991 fronte
612 1937 643 1992 et
673 1933 796 2008 posticc.
845 1933 890 1991 ita
918 1933 1044 1992 duorum
1074 1935 1164 1994 inter·

151 2019 365 2078 columniorum
389 2024 419 2079 et
441 2021 518 2079 imae
542 2013 754 2104 crassituldinis
773 2022 927 2080 columnae
950 2023 1083 2097 spatium
1107 2025 1207 2082 eritas

151 2107 188 2166 ab
206 2108 370 2185 parietibus
390 2110 525 2168 circaad
543 2113 688 2169 extremos
703 2111 819 2169 ordines
835 2112 1047 2169 columnarum.
1077 2112 1164 2172 huius

151 2199 301 2273 exemplar
323 2198 435 2257 Romae
458 2217 518 2257 non
541 2203 586 2258 est
608 2199 660 2257 sed
680 2192 684 2280 Ι
704 2199 875 2276 Magnesiae
898 2195 1023 2278 (aedis)
1047 2201 1163 2260 Dianae
1178 2204 1205 2261 ΙΙ

150 2286 354 2364 Hermogenis,
377 2287 541 2346 Alabandis
565 2288 656 2356 etiam
678 2287 828 2363 Apollinis
852 2307 870 2346 a
893 2289 1046 2348 Menesthe
1075 2291 1164 2349 facta.

116 2375 282 2451 7dipteros
306 2379 406 2434 autem
429 2377 590 2452 octastylos
614 2380 645 2435 et
666 2396 779 2452 pronao
803 2380 833 2435 et
855 2377 983 2452 postico,
1011 2378 1065 2436 sed
1087 2379 1165 2438 eirca

151 2465 255 2522 aedem
282 2465 414 2540 duplices
440 2465 531 2524 habet
559 2466 675 2524 ordines
699 2467 915 2541 columnarum,
942 2466 987 2523 uti
1013 2470 1060 2526 est
1082 2467 1195 2527 aedisu

152 2551 267 2620 Quirini
295 2553 396 2612 dorica
424 2557 454 2612 et
480 2554 592 2629 Ephesi
618 2554 734 2613 Dianae
762 2555 860 2613 ionica
880 2547 884 2635 Ι
906 2574 924 2613 a
948 2553 1163 2631 Chersiphrone
1171 2562 1195 2614 (Ι)

116 2641 321 2704 sconstituta.
366 2642 547 2718 hypaethros
570 2662 639 2701 vero
668 2643 834 2718 decastylos
862 2646 907 2702 est
934 2645 966 2701 in
992 2663 1108 2719 pronao
1136 2648 1165 2704 et

222 2869 238 2916 f>
256 2863 379 2917 tiberina
393 2864 425 2920 S:
444 2864 536 2918 ·riana
550 2865 585 2918 H
588 2865 672 2934 G(S⁶).
687 2867 697 2934 ΙΙ
711 2870 726 2917 7
745 2864 864 2934 posticio
884 2864 946 2933 (tio
962 2865 995 2934 S)
1013 2882 1042 2919 a.
1057 2868 1067 2936 ΙΙ
1081 2870 1098 2919 8
1117 2882 1176 2936 pe·

150 2933 282 3004 ripteros:
309 2935 427 3004 Peripsu
445 2935 472 2991 S.
504 2936 513 3004 ΙΙ
546 2941 579 2989 10
603 2938 711 2991 autem:
739 2939 771 2990 ut
789 2954 815 2990 a.
848 2937 858 3005 ΙΙ
891 2941 924 2989 14
947 2935 1064 2990 statoris
1085 2936 1165 3007 apso)

152 3067 185 3086 =
201 3018 350 3110 (staltcris)
365 3042 417 3095 Hc:
442 3040 571 3096 startoris
585 3040 620 3095 H
635 3049 660 3098 et
678 3044 736 3113 (abi
754 3040 823 3096 toris
842 3044 874 3096 aa
891 3045 958 3113 ras.)
973 3042 1000 3098 S.
1017 3043 1021 3113 Ι
1037 3041 1166 3097 harmodi

150 3131 178 3165 ec.
195 3117 199 3179 Ι
216 3113 295 3166 aedis
313 3111 455 3167 Mariana:
475 3112 641 3167 admariana
659 3131 686 3168 rc.
710 3115 719 3182 ΙΙ
743 3119 775 3166 15
794 3111 886 3166 mucio
901 3114 944 3169 H:
968 3113 1064 3169 mutio,
1081 3114 1140 3171 G&

151 3188 185 3236 20
204 3182 290 3238 imae:
310 3199 383 3236 unae
401 3185 410 3252 (
444 3184 508 3252 GS)
526 3202 554 3237 a.
568 3186 578 3254 ΙΙ
592 3190 624 3237 21
645 3184 681 3238 ab
699 3183 856 3253 parietibus
872 3184 907 3252 G,
925 3183 1122 3254 apperiatibns

152 3256 179 3321 (a
188 3254 344 3323 parietibus
355 3200 442 3323 Ηθξ).
457 3257 467 3324 ΙΙ
481 3261 513 3308 22
525 3253 603 3308 aedis
614 3273 663 3310 om.
674 3273 700 3310 a.
716 3257 725 3325 ΙΙ
739 3261 772 3308 23
783 3254 918 3309 alabandi
929 3257 955 3311 G
963 3261 990 3310 et
1000 3257 1043 3324 (in
1051 3259 1119 3326 ras.)
1129 3256 1165 3324 M,

152 3324 348 3398 alaba<rinthi
368 3326 400 3378 iu
418 3343 472 3380 rus.
488 3328 539 3382 litt.
555 3325 687 3397 muira>
702 3326 752 3379 H0.
769 3329 773 3395 Ι
790 3324 888 3381 etiam:
908 3328 937 3380 et
954 3343 981 3380 cr.
1000 3327 1004 3394 Ι
1019 3327 1164 3382 menesthe

152 3395 192 3462 H,
206 3398 246 3450 —te
263 3397 341 3470 oce
357 3396 398 3465 S).
412 3397 422 3465 ΙΙ
437 3401 469 3449 26
485 3396 597 3451 aedem:
612 3396 711 3451 eadem
724 3398 798 3465 (aute
811 3399 877 3465 ras.)
892 3398 930 3451 H.
945 3399 955 3466 ΙΙ
969 3402 1002 3450 26
1022 3399 1107 3453 ather
1121 3398 1127 3471 Ι
1142 3396 1165 3452 si

151 3465 229 3519 frone
245 3469 279 3534 G,
299 3466 402 3535 a<chre
445 3466 469 3520 si
487 3467 565 3521 frene
580 3469 622 3537 (iu
635 3469 703 3536 ras.)
717 3467 767 3535 ΗΟ,
781 3466 950 3521 achrisifone
964 3467 991 3523 S.
1006 3469 1016 3538 ΙΙ
1030 3475 1065 3522 27
1080 3469 1164 3540 hype-

151 3536 229 3590 thros
245 3539 280 3592 H
294 3538 374 3607 (tros
408 3582 417 3607 ‚
436 3539 512 3592 -dros
528 3540 573 3608 G).
590 3540 594 3608 Ι
610 3555 676 3592 vero
691 3537 822 3609 HS(G⁶):
845 3543 861 3590 t·
883 3540 999 3608 (autem)
1015 3539 1050 3595 θ.
