2416 3922
320 145 369 201 DE
388 144 668 201 ARCHITECTURA
686 145 753 201 LIB.
772 145 793 215 I,
812 151 836 198 2.
857 151 872 197 3
1061 143 1103 208 13

48 311 78 362 1⁰)
89 298 267 358 obscuratur
289 297 360 356 solis
382 316 470 356 cursu
490 291 494 374 1
515 297 567 357 sed
590 299 635 355 est
658 298 739 355 certa
761 295 947 355 inmutabilis
968 297 1016 354 die
1038 314 1105 371 per·

88 391 193 464 petuo.

158 474 339 534 Distributio
362 478 462 533 autem
486 478 531 534 est
554 475 707 550 copiarum
729 474 847 550 locique
870 473 1024 533 commoda
1046 473 1105 533 dis·
1123 487 1140 536 8

87 564 228 641 pensatio
252 582 401 640 parcaque
428 563 460 620 in
484 563 620 639 operibus
643 565 779 638 sumptus
802 581 869 621 cum
891 563 1007 621 ratione
1030 565 1104 620 tem·

62 654 216 730 operatio.
262 652 335 711 haec
357 653 402 710 ita
425 651 642 726 observabitur,
666 652 692 710 si
713 652 845 726 primum
868 652 1046 710 architectus
1069 669 1105 709 ea

89 761 151 801 non
180 745 305 817 quaeret
332 759 408 816 quae
435 760 495 799 non
522 744 665 816 poterunt
691 740 819 800 inveniri
847 743 902 798 aut
923 740 1025 816 parari
1046 739 1106 799 nisi

47 845 79 893 1⁵)
89 848 210 908 magno.
231 825 235 909 Ι
255 848 385 905 namque
403 848 464 887 non
487 829 622 888 omnibus
644 829 717 888 locis
740 830 869 887 harenae
891 829 1028 888 fossiciae
1051 847 1106 887 nec

90 921 314 980 caementorum
340 938 394 978 nec
421 918 527 977 abietis
557 938 612 977 nec
639 919 833 993 sappinorum
863 936 917 976 nee
948 918 1105 977 marmoris

90 1009 180 1084 copia
202 1011 256 1082 est,
279 1008 331 1067 sed
353 1007 436 1066 aliud
459 1008 519 1065 alio
542 1008 607 1066 loco
630 1007 771 1082 nascitur,
794 1024 919 1082 quorum
939 1008 1105 1082 comporta·

49 1119 76 1159 io
89 1099 190 1158 tiones
214 1096 349 1155 difficiles
377 1099 446 1155 sunt
474 1100 504 1155 et
526 1099 726 1172 sumptuosae.
771 1095 914 1153 utendum
937 1099 1038 1153 autem
1061 1098 1107 1154 est

89 1187 145 1244 ubi
172 1203 233 1244 non
260 1188 305 1244 est
331 1185 443 1244 harena
469 1185 602 1259 fossicia,
628 1185 783 1243 fluviatica
811 1186 864 1241 aut
890 1183 1006 1241 marina
1033 1184 1106 1258 lota,

47 1275 213 1350 eiinopiae
233 1293 351 1350 quoque
372 1270 375 1352 Ι
397 1273 503 1333 abietis
522 1276 576 1332 aut
592 1274 787 1349 sappinorum
803 1272 979 1331 vitabuntur
995 1272 1105 1330 utendo

91 1381 233 1441 cupresso
256 1363 367 1439 populo
390 1363 470 1421 ulmo
489 1364 571 1439 pinu,
594 1362 771 1438 reliquaque
792 1361 839 1420 his
862 1362 1000 1420 similiter
1018 1364 1106 1419 erunt

91 1451 278 1529 explicanda.
315 1451 392 1509 alter
412 1452 523 1529 gradus
546 1452 603 1509 erit
621 1451 847 1524 distributionis,
870 1469 936 1509 cum
959 1450 998 1507 ad
1020 1469 1107 1508 usum
1125 1465 1141 1512 9

51 1545 216 1618 sopatrum
244 1541 429 1599 familiarum
456 1543 511 1598 aut
538 1541 576 1599 ad
601 1541 745 1615 pecuniae
771 1541 887 1615 copiam
910 1542 964 1597 aut
986 1539 1025 1596 ad
1047 1539 1106 1597 elo-

92 1631 237 1706 quentiae
261 1629 439 1706 dignitatem
462 1629 596 1688 aedificia
619 1630 709 1687 aliter
730 1629 931 1704 disponentur.
976 1645 1107 1703 namque

47 1720 185 1782 scienter
217 1718 345 1777 urbanas
377 1717 479 1776 domos
512 1710 656 1798 operitere
688 1719 829 1777 constitui
856 1717 987 1791 videtur,
1019 1717 1108 1776 aliter

47 1819 76 1873 15
93 1808 206 1884 quibus
220 1826 255 1864 ex
270 1806 504 1882 possessionibus
522 1799 651 1888 rustilcis
669 1806 799 1864 influunt
816 1807 939 1879 fructus,
957 1825 1017 1864 non
1035 1807 1108 1864 item

92 1896 326 1970 feneratoribus,
357 1896 445 1953 aliter
475 1895 571 1954 beatis
603 1898 634 1953 et
660 1896 808 1969 delicatis,
839 1894 1010 1970 potentibus
1037 1912 1107 1953 vero

51 2004 225 2062 aequorum
256 1984 486 2062 cogitationibus
517 1984 685 2060 respublica
716 1984 910 2061 gubernatur,
948 1983 987 2042 ad
1021 2002 1109 2042 usum

93 2073 341 2146 conlocabuntur,
374 2077 404 2132 et
431 2074 550 2132 omnino
577 2073 731 2132 faciendae
758 2075 828 2131 sunt
854 2076 943 2148 aptae
972 2071 1108 2131 omnibus

93 2162 231 2240 personis
254 2161 455 2221 aedificiorum
477 2161 710 2222 distributiones.

54 2263 85 2315 (5)
166 2243 289 2333 {Partes
310 2251 403 2326 ipsius
422 2251 637 2310 architecturae
656 2252 725 2310 sunt
748 2253 817 2324 treS,
838 2249 1014 2321 aedificatio,
1036 2267 1107 2324 gno-
1124 2256 1163 2310 Ill

94 2341 221 2415 monice,
243 2339 433 2398 machinatio.
469 2339 636 2398 aedificatio
658 2343 758 2397 autem
776 2337 873 2397 divisa
891 2339 936 2398 est
958 2337 1109 2411 bipertito,

55 2449 112 2491 sse
141 2429 249 2505 quibus
281 2448 341 2487 una
373 2432 419 2488 est
449 2429 599 2487 moenium
631 2432 661 2487 et
693 2428 894 2486 communium
923 2445 1047 2502 operum
1077 2426 1110 2481 in

95 2518 225 2595 publicis
243 2517 315 2577 locis
334 2518 508 2592 conlocatio,
527 2518 623 2576 altera
641 2520 686 2576 est
703 2517 890 2592 privatorum
908 2515 1110 2573 aedificiorum

96 2607 267 2683 explicatio.
312 2605 500 2682 publicorum
527 2610 628 2665 autem
655 2605 879 2664 distributiones
905 2607 975 2663 sunt
997 2607 1070 2679 tres,
1094 2623 1110 2662 e

46 2687 216 2777 (1⁰)quilbus
239 2697 362 2755 estune
380 2695 567 2769 defensionis,
590 2695 687 2753 altera
708 2693 871 2770 religionis,
893 2694 984 2752 tertia
1003 2711 1109 2768 oppor-

96 2784 246 2844 tunitatis.
279 2784 458 2843 defensionis
472 2787 517 2843 est
534 2802 685 2841 murorum
703 2783 889 2858 tmriumque
909 2785 939 2840 et
955 2783 1111 2857 portarum

57 2873 176 2934 ceratio
200 2873 239 2931 ad
260 2873 391 2931 hostium
413 2874 542 2948 impetus
564 2874 707 2948 perpetuo
730 2871 915 2947 repellendos
934 2871 1111 2948 excogitata,

97 2961 252 3040 religionis
276 2962 398 3019 deorum
419 2962 624 3021 inmortalium
651 2962 790 3018 fanorum
813 2960 990 3034 aediumque
1014 2976 1110 3017 sacra·

100 3083 279 3092 -—.—-—
282 3083 316 3090 ...-

170 3156 188 3202 4
207 3154 240 3203 οῦ
260 3151 357 3218 (sopra
374 3149 438 3203 add.
457 3150 520 3218 ips.)
540 3147 659 3216 S(ccdc
676 3148 751 3216 recl:
773 3164 823 3201 om.
843 3145 908 3202 HG
921 3147 930 3215 ΙΙ
945 3151 960 3198 6
978 3145 1111 3213 poterunt

100 3221 174 3276 Get
197 3221 239 3289 (in
259 3222 325 3289 ras.)
342 3220 374 3274 S:
396 3219 548 3290 potuerunt
562 3219 593 3272 Η
614 3216 694 3287 (nint
710 3219 785 3287 Po).
812 3220 822 3288 ΙΙ
849 3222 881 3270 11
906 3216 966 3271 lota
988 3232 1020 3270 a:
1048 3213 1112 3268 loca

100 3291 200 3362 (ΜΟ.
214 3293 224 3361 ΙΙ
239 3297 272 3345 13
290 3289 400 3359 reliqua
418 3306 472 3359 que
486 3289 521 3344 H
535 3291 644 3359 (quaqi
659 3288 705 3357 Sl:
728 3287 865 3357 reliquaq;
884 3304 938 3359 que
959 3287 992 3342 G.
1011 3288 1021 3355 n
1040 3290 1073 3339 15
1091 3284 1110 3339 f.

101 3362 177 3416 bad
189 3381 217 3433 p.
231 3380 259 3417 x.
273 3364 283 3431 ΙΙ
299 3367 331 3415 16
346 3361 404 3416 alte
422 3365 478 3431 (ae
493 3379 518 3416 a.
533 3379 555 3416 r.
571 3361 613 3431 Η)
632 3360 704 3428 disp.
717 3377 738 3414 cc
751 3359 846 3429 (aliter
859 3359 902 3429 L).
917 3360 927 3428 ll
942 3362 973 3410 17
988 3357 1112 3411 urbanas

102 3434 170 3490 HS:
190 3449 253 3487 -nos
269 3434 302 3489 G.
319 3434 324 3503 Ι
340 3432 464 3487 construi
483 3432 510 3487 S.
533 3434 542 3501 ΙΙ
566 3438 598 3486 18
617 3431 693 3485 idem
710 3448 738 3486 cc.
759 3434 768 3500 ΙΙ
789 3435 822 3483 25
842 3446 870 3485 e:
892 3445 925 3484 ex
944 3428 970 3484 S.
989 3430 999 3499 {l
1017 3433 1050 3481 28
1069 3429 1113 3483 est

102 3521 158 3559 una
173 3504 242 3561 HS:
261 3521 318 3558 una
336 3505 380 3558 est
395 3503 428 3559 G.
443 3505 452 3573 ll
467 3509 499 3557 31
520 3519 661 3557 sacrorum
678 3520 706 3557 a.
