2416 3922
123 154 165 220 38
495 196 499 201 .
547 153 710 209 VITRUVII

121 308 254 380 utuntur,
277 305 400 384 longum
420 297 424 386 l
445 305 627 381 sesquipede,
650 305 746 362 latum
767 304 850 380 pede.
892 305 997 365 ceteris
1020 305 1136 365 duobus
1150 313 1186 372 89

122 394 302 453 Graecorum
321 394 455 454 aedificia
478 395 640 453 struuntur.
678 412 713 451 ex
730 394 776 453 his
799 413 892 452 unum
914 394 1136 466 πενταδωρον,

121 484 248 542 alterum
262 482 465 556 τετραδωρον
479 483 595 542 dicitur.
624 482 730 554 δωρον
745 486 846 541 autem
860 481 966 542 Graeci
980 483 1138 558 appellant

120 572 263 648 palmum,
283 571 361 647 quod
379 590 535 630 munerum
553 571 634 629 datio
654 589 757 647 graece
777 571 883 644 δωρον
902 572 1081 647 appellatur,
1104 572 1136 630 id

121 663 222 720 autem
245 679 360 736 semper
380 656 384 739 1
405 661 518 738 geritur
539 680 593 736 per
614 678 720 718 manus
742 660 883 735 palmam.
919 661 963 718 ita
988 661 1067 736 quod
1090 664 1162 721 ests

122 768 343 825 quoquoversus
372 751 502 825 quinque
524 749 692 825 palmorum
714 749 912 824 pentadoron,
941 749 1020 824 quod
1049 752 1136 825 quat·

121 840 189 896 tuor
206 839 379 897 tetradoron
397 838 513 916 dicitur,
537 840 568 896 et
589 855 664 913 quae
684 839 753 896 sunt
769 837 890 913 publica
909 856 999 914 opera
1017 854 1136 898 πεντα-

85 942 102 989 4
122 927 245 1000 ouporc,
271 945 346 1002 quae
364 928 483 1002 privata
506 927 718 999 τετραδωροι(
742 928 902 984 struuntur.
939 927 1016 985 fiunt
1034 927 1137 986 autem

122 1034 189 1074 cum
214 1016 260 1074 his
288 1015 430 1076 lateribus
459 1016 653 1090 semilateria,
685 1033 761 1090 quae
789 1034 856 1074 cum
882 1018 1046 1090 struuntur,
1075 1035 1136 1075 una

120 1107 206 1180 parte
228 1103 371 1164 lateribus
391 1104 517 1180 ordines,
533 1096 537 1186 l
554 1104 649 1162 altera
668 1104 849 1162 semilateres
867 1107 1026 1179 ponuntur.
1064 1124 1136 1182 ergo
1150 1124 1176 1165 ro

121 1212 156 1252 ex
174 1196 300 1269 utraque
323 1196 409 1269 parte
432 1194 470 1252 ad
493 1194 603 1252 lineam
626 1212 693 1252 cum
716 1194 879 1267 struuntur,
902 1193 1023 1252 alternis
1047 1194 1136 1254 coriis

119 1283 248 1357 parietes
272 1282 436 1359 alligantur
459 1284 490 1341 et
511 1281 600 1340 medii
624 1281 733 1340 lateres
756 1299 846 1356 supra
870 1283 1045 1358 coagmenta
1068 1302 1137 1342 con·

120 1371 211 1430 locati
235 1373 265 1430 et
286 1371 458 1430 firmitatem
482 1372 512 1429 et
534 1371 662 1446 speciem
684 1370 799 1428 faciunt
821 1372 947 1446 utraque
969 1373 1056 1446 parte
1075 1390 1137 1430 non

121 1461 318 1540 invenustam.

185 1549 241 1606 Ilst
264 1552 364 1606 autem
387 1548 419 1605 in
440 1547 587 1623 Hispania
610 1547 750 1605 ulteriore
774 1548 879 1607 civitas
898 1547 1040 1622 Maxilua,
1062 1549 1137 1606 item
1150 1567 1175 1609 15

122 1628 249 1717 lOallet,
281 1637 313 1695 in
339 1635 412 1694 Asia
439 1636 559 1711 Pitane,
591 1635 642 1693 ubi
668 1636 777 1694 lateres
806 1655 873 1695 cum
899 1639 969 1695 sunt
995 1637 1078 1696 ducti
1106 1640 1138 1696 et
1146 1645 1186 1699 (1⁵)

121 1725 254 1798 arefacti,
276 1725 401 1801 proiecti
419 1728 527 1783 natant
543 1726 576 1783 in
599 1742 685 1803 aqua.
724 1729 829 1783 natare
853 1727 953 1784 autem
976 1743 1025 1783 eos
1047 1743 1137 1800 posse

120 1813 186 1872 ideo
213 1813 333 1872 videtur
361 1813 439 1889 quod
469 1818 549 1892 terra
577 1815 622 1872 est
648 1813 684 1872 de
712 1831 771 1888 qua
799 1813 946 1872 ducuntur
971 1815 1136 1889 pumicosa.

119 1902 164 1960 ita
196 1921 263 1960 oum
295 1905 341 1961 est
372 1903 459 1978 leviS,
492 1921 559 1961 aera
587 1902 716 1962 solidata
744 1920 803 1960 non
830 1903 937 1978 recipit
963 1903 995 1960 in
1022 1921 1053 1962 se
1081 1922 1136 1962 neo

120 1990 262 2050 combibit
283 1991 437 2067 liquorem.
479 1992 572 2068 igitur
594 1991 654 2050 levi
676 2009 803 2066 raraque
827 2010 894 2050 cum
917 1992 977 2050 sint
998 1992 1133 2067 proprie·
1147 2011 1173 2052 rc

119 2082 182 2138 tate
200 2099 254 2139 nec
271 2081 427 2156 patiantur
443 2072 609 2162 peneltrare
623 2081 655 2137 in
668 2098 773 2155 corpus
792 2079 925 2138 umidam
942 2082 1133 2156 potestatem,
1142 2090 1184 2143 (2ο)

120 2187 305 2244 quocumque
322 2169 452 2244 pondere
470 2170 582 2228 fuerint
601 2168 717 2246 cogitur
735 2167 771 2226 ab
790 2188 889 2226 rerum
907 2171 1015 2227 natura
1033 2188 1134 2244 quem-

119 2257 279 2316 admodum
309 2278 418 2334 pumex
449 2259 493 2316 uti
527 2257 564 2316 ab
594 2276 673 2333 aqua
700 2257 912 2316 sustineantur.
962 2258 1004 2316 sic
1032 2262 1134 2316 autem

118 2364 242 2423 magnas
269 2346 381 2405 habent
407 2348 569 2421 utilitates,
598 2344 676 2422 quod
703 2365 800 2420 neque
824 2346 856 2404 in
879 2345 1134 2407 aedificationibus

119 2438 188 2494 sunt
211 2437 339 2510 onerosi,
366 2439 397 2495 et
420 2455 485 2495 cum
509 2436 669 2509 ducuntur,
697 2453 715 2492 a
742 2435 969 2510 tempestatibus
991 2454 1052 2495 non
1075 2435 1134 2494 dis·
1147 2455 1173 2497 aa

120 2524 283 2582 solvuntur.

66 2619 104 2673 IV
186 2604 237 2692 ‚In
256 2613 454 2673 caementiciis
473 2615 574 2671 autem
592 2612 747 2672 structuris
761 2611 891 2687 primum
905 2614 951 2672 est
964 2613 1001 2670 de
1019 2612 1133 2672 harena
1148 2619 1184 2677 40

190 2877 205 2923 2
223 2871 398 2940 pentadoron
414 2915 419 2925 .
435 2914 440 2924 .
457 2913 463 2925 .
478 2871 515 2939 (3)
529 2870 693 2925 tetradoron
708 2887 735 2924 x.
750 2872 759 2938 ΙΙ
774 2874 790 2922 3
805 2872 842 2939 (4)
863 2870 950 2924 doron
967 2887 995 2924 a.
1009 2871 1049 2940 115
1069 2870 1130 2941 pal·

118 2959 205 2997 mam:
224 2941 350 3012 palmum
367 2960 388 2997 a
406 2945 449 3011 (at
466 2959 490 2996 c.
510 2943 545 3008 4),
564 2943 574 3011 ΔΙ
593 2947 609 2994 6
628 2941 751 3010 quinque
767 2940 863 3011 G(S⁶):
884 2940 1024 3010 equinque
1038 2941 1073 2994 H
1075 2941 1105 2997 S.
1123 2941 1134 3014 ΙΙ

119 3013 314 3083 ipentadoros
328 3012 393 3081 HS,
408 3014 495 3066 -toros
506 3012 540 3068 G.
554 3014 564 3082 l}
578 3018 594 3066 8
608 3012 766 3066 tetradoron
779 3011 838 3079 GS,
853 3012 933 3066 -doro
942 3012 981 3065 Η.
996 3013 1005 3081 ΙΙ
1021 3018 1053 3065 11
1069 3029 1134 3067 cum

118 3084 209 3153 (οῦδ)
229 3086 374 3138 struuntur
387 3084 422 3138 H
424 3084 455 3138 S:
480 3085 678 3137 construuntur
697 3083 731 3138 θ.
757 3086 761 3150 Ι
786 3082 869 3136 coriis
885 3083 915 3139 S:
941 3081 1043 3136 choriis
1059 3084 1094 3137 Η
1109 3090 1135 3140 ct

119 3156 178 3225 (ubi
197 3154 307 3226 chorus)
323 3155 349 3210 G
368 3153 491 3226 (chorr‘,1s
504 3153 558 3224 6⁶).
573 3157 582 3224 ΙΙ
598 3160 630 3208 12
650 3152 781 3208 collocati
794 3153 863 3208 HS:
883 3153 995 3208 collecti
1011 3153 1037 3208 G
1054 3156 1090 3223 (et
1103 3157 1136 3210 ta

118 3244 203 3297 uturp.
219 3226 252 3282 8²
269 3225 316 3279 vel
327 3224 464 3293 collecti).
484 3227 494 3294 ll
513 3231 545 3279 15
564 3225 691 3279 Maxilua
706 3269 712 3281 .
729 3269 735 3281 .
750 3268 756 3280 .
770 3223 872 3278 Pitane
893 3225 984 3292 (Plio.
1000 3228 1133 3295 35,171):

119 3297 243 3351 maxima
268 3300 296 3352 et
318 3296 348 3350 in
366 3295 463 3366 galliis
484 3296 561 3350 etin
579 3296 639 3351 asia
657 3295 700 3350 ita
717 3312 753 3349 ne
770 3311 798 3350 a.
822 3298 831 3364 ΙΙ
855 3302 887 3350 16
907 3296 964 3349 sint
982 3303 1046 3351 cate
1063 3313 1133 3352 corr.

76 3399 77 3403 ,
119 3367 219 3436 &1120
239 3368 296 3422 sint
311 3369 360 3423 θῦε
380 3366 418 3421 sit
435 3386 462 3423 c.
481 3369 491 3437 ΙΙ
510 3374 542 3422 21
562 3384 626 3423 nec:
645 3383 701 3421 non
716 3367 756 3435 H,
773 3369 793 3422 ἶι
809 3366 867 3422 GS.
884 3368 888 3438 l
904 3365 1051 3437 patiantur
1064 3367 1133 3423 HS:

118 3438 266 3508 patiuntur
285 3439 318 3494 G.
342 3441 353 3521 ll
374 3444 408 3491 22
432 3438 517 3494 fuerit
534 3458 562 3494 c.
588 3441 592 3510 Ι
618 3438 728 3508 cogitur
751 3438 811 3507 (sic)
833 3455 854 3492 a
878 3440 922 3507 (=
941 3437 1019 3507 cogit
1041 3454 1135 3493 rernm

118 3511 229 3578 natura,
248 3511 419 3580 necessitas).
434 3512 443 3580 υ
458 3516 491 3564 23
511 3509 683 3565 sustineatur
700 3524 734 3563 cc:
