2416 3922
335 182 384 237 aa
402 181 681 238 Aasfflmcruaa
697 183 764 239 crs.
783 182 816 253 x,
836 188 895 240 aa
1054 184 1119 251 259

108 335 215 410 pulsus
233 333 392 394 crebritate
408 336 440 393 et
452 333 626 394 obturantes
638 332 787 395 foramina
800 333 943 410 cymbalis
957 337 1119 415 superiora,

108 441 180 484 aera
208 423 261 499 qui
283 425 330 484 est
350 421 393 481 ibi
414 422 545 482 inclusus
567 422 768 499 pressionibus
792 426 928 483 coactum
949 425 981 484 in
1002 423 1118 488 fistulas

107 515 229 590 comt,
248 531 302 588 per
325 529 399 587 quas
420 511 454 571 in
474 511 584 588 pnigea
607 513 755 571 cenom-rit
777 515 809 572 et
830 531 885 588 per
906 512 968 573 eius
991 515 1118 575 cervices

55 600 142 663 carin
162 601 304 661 arculam.
349 600 481 660 motione
502 619 572 660 vero
595 601 726 661 vectium
746 592 974 682 vehemenltiore
996 603 1118 678 spiritus

80 691 249 767 afraqueus
270 706 454 765 compressus
476 689 675 765 epitoniomm
692 690 840 765 aperturis
858 690 957 750 influit
975 694 1006 750 et
1023 692 1119 768 replet

107 779 212 840 anima
238 778 366 838 mnales.
409 778 513 853 itaque
539 796 607 838 cum
633 779 742 854 pinnae
768 778 903 839 manibus
928 781 1027 840 tactae
1049 794 1153 856 pro-c

41 868 228 945 mpsllnnt
243 870 276 926 et
290 867 438 928 miscunt
455 867 641 927 continenter
652 867 771 945 regulus
785 868 908 927 alternis
927 859 932 949 Ι
953 867 1118 930 obturando

104 957 257 1019 fontaine
278 957 401 1016 alternis
425 955 601 1031 aperiund0‚
628 975 643 1016 e
665 957 787 1016 musicis
809 956 923 1016 artibus
945 957 1118 1033 multiplici·

106 1044 163 1105 bus
184 1045 373 1106 modulorum
393 1044 589 1105 varietatibus
612 1048 751 1105 sonmtes
775 1044 904 1105 exmtant
926 1064 1020 1106 rocas.

65 1156 94 1197 ιο
175 1133 327 1204 Quantum
356 1133 443 1210 potui
474 1134 531 1193 niti
561 1136 597 1192 nt
628 1132 754 1195 obscura
784 1152 831 1193 res
859 1153 913 1209 per
939 1135 1118 1210 scripturam

105 1223 237 1284 ffilndde
259 1222 501 1299 pronuntiaretur
524 1222 676 1298 contendi,
702 1223 753 1283 sed
775 1222 848 1282 haec
870 1241 930 1282 non
953 1226 999 1283 est
1020 1223 1117 1284 facilis

66 1312 186 1377 (rinno
205 1308 211 1391 Ι
230 1331 326 1388 noque
353 1310 488 1372 omnibus
516 1311 654 1387 expedita
680 1311 720 1370 ad
745 1311 977 1388 intellegendum
999 1314 1118 1387 praeter

105 1419 158 1463 eos
185 1402 239 1477 qni
263 1401 296 1460 in
322 1400 369 1460 his
397 1400 554 1477 generibus
580 1399 692 1460 habent
718 1400 966 1460 exercitationem.
1012 1401 1117 1476 quodsi

105 1490 161 1567 qui
182 1508 290 1566 pamm
311 1489 493 1549 intellexerit
515 1507 550 1548 er
573 1488 700 1564 scriptis,
723 1508 791 1549 cum
812 1488 910 1564 ipsam
928 1508 991 1549 rem
1009 1507 1116 1566 cogno·

66 1598 93 1643 ra
105 1581 171 1640 scat
192 1579 326 1654 prolecto
348 1578 481 1639 inveniet
503 1578 616 1638 curiose
634 1580 666 1637 et
683 1577 835 1638 subtiliter
852 1579 952 1638 omnia
970 1578 1116 1639 ordinata.

173 1667 365 1728 &suffertur
385 1685 467 1727 nunc
484 1666 627 1744 cogitatio
644 1667 809 1742 scripturae
827 1666 868 1727 ad
888 1666 1036 1728 rationem
1056 1685 1116 1727 non
1130 1675 1168 1730 IX

53 1747 268 1838 (lollinutilem
289 1756 340 1816 sad
362 1774 479 1816 summa
499 1756 635 1817 sollerffia
656 1775 675 1815 a
696 1756 859 1816 maioribus
881 1755 1034 1833 traditam,
1056 1775 1117 1832 qna

103 1845 139 1907 in
161 1844 213 1905 ria
234 1845 326 1905 mala
348 1844 482 1905 sedentes
504 1845 554 1904 vel
575 1845 651 1904 mari
673 1846 850 1922 navigantes
873 1845 947 1905 scire
969 1845 1115 1921 possimus

103 1935 182 2011 quot
202 1934 289 1994 milia
308 1952 433 1993 numero
454 1933 572 1993 itineris
593 1933 757 1994 fecerimus
792 1935 849 1994 hoc
871 1937 972 1994 antem
991 1935 1048 1994 erit
1065 1934 1115 1994 sic.

63 2025 191 2087 arctae
219 2041 297 2099 quae
326 2025 414 2082 erunt
441 2023 473 2081 in
501 2022 593 2081 raeda
622 2023 682 2083 sint
710 2022 792 2082 latae
818 2042 872 2098 per
896 2023 1026 2082 mediam
1052 2022 1115 2081 dia·

102 2114 222 2173 metron
248 2111 360 2188 pedam
388 2114 565 2186 quaternum
596 2114 627 2170 et
655 2112 812 2186 sextantis,
840 2114 876 2170 nt
904 2130 971 2169 cum
997 2109 1116 2170 finitum

51 2201 207 2266 (spiceum
226 2200 337 2260 habeat
354 2200 387 2258 in
404 2219 436 2259 se
453 2203 520 2259 rota
538 2199 576 2259 ab
595 2219 688 2274 eoque
707 2195 713 2278 Ι
732 2199 858 2275 incipiat
874 2198 1065 2276 progrediens
1082 2198 1115 2258 in

103 2290 171 2351 solo
192 2288 379 2350 mesfacere
400 2289 613 2362 versationem,
635 2288 833 2364 perveniendo
857 2287 895 2345 ad
918 2305 985 2346 eam
1005 2286 1115 2347 finitio·

101 2397 175 2439 nem
202 2396 221 2439 a
245 2396 305 2454 qua
327 2378 458 2453 coeperit
479 2377 594 2437 versari
615 2380 729 2437 certum
751 2375 983 2451 modumspatii
1005 2374 1115 2437 habeat

63 2469 260 2543 sperantum
285 2467 395 2543 pedum
416 2484 461 2524 nn
475 2483 499 2524 a.
540 2466 586 2525 his
608 2467 654 2525 ita
673 2465 861 2542 praeparatis
882 2466 953 2523 tunc
975 2463 1009 2523 in
1030 2466 1114 2524 rotae
1133 2478 1149 2526 1

102 2556 236 2615 modiolo
259 2556 298 2614 ad
320 2557 436 2632 partem
458 2554 630 2613 interiorem
653 2558 829 2630 tympanum
851 2553 1000 2613 stabiliter
1021 2552 1114 2613 inolu-

50 2644 196 2710 ‹orannr
216 2644 328 2704 habens
350 2647 434 2704 mma
456 2644 585 2704 frontem
607 2663 678 2703 suae
700 2642 919 2703 rotundationis
939 2637 943 2720 Ι
965 2644 1115 2703 extantem

103 2733 289 2794 aaronem
311 2753 414 2792 unum.
436 2733 558 2808 insuper
579 2736 680 2792 autem
702 2732 741 2791 ad
764 2750 886 2807 capsum
907 2731 1017 2791 raedae
1034 2731 1114 2791 locu·

102 2823 270 2882 lamentum
296 2821 420 2881 firmiter
446 2820 556 2898 figatur
582 2821 693 2880 habens
723 2824 899 2896 tympanum
921 2820 1060 2879 versatile
1082 2821 1114 2877 in

62 2930 89 2973 ao
102 2911 201 2971 cultro
225 2912 412 2970 conlocatum
435 2913 465 2968 et
487 2910 519 2967 in
542 2910 657 2969 axiculo
681 2910 860 2984 conclusum,
882 2910 914 2966 in
937 2909 1019 2967 cuius
1037 2911 1113 2984 tym-

174 3122 192 3172 1
206 3114 248 3170 ibi
262 3114 355 3171 clusus
368 3133 396 3171 n.
410 3117 419 3186 ΙΙ
433 3121 449 3168 3
462 3131 553 3186 pqnaa
567 3113 693 3183 inlignee
704 3132 731 3168 x.
745 3115 756 3182 Ι
768 3119 786 3166 4
799 3129 895 3169 arcam
907 3131 928 3169 sc
941 3115 1019 3181 (coar.
1030 3113 1113 3169 Batt-

99 3189 206 3259 saomc).
223 3187 229 3260 Ι
243 3185 473 3268 τώιθιιιοιιῡίοτοεΙ
481 3203 508 3241 c.
524 3188 563 3255 Ι6
581 3186 693 3239 animae
708 3188 745 3257 (e
761 3185 838 3309 ζΙΙω.
853 3187 862 3254 Ι
877 3190 892 3238 7
907 3184 1040 3289 optarant
1055 3181 1113 3251 (ob-

100 3259 208 3315 amens
217 3259 254 3329 θ)
267 3257 287 3312 f.
300 3275 329 3313 x.
344 3260 354 3327 Ι
367 3263 383 3312 8
398 3257 548 3326 apanendo
565 3256 598 3312 G.
612 3258 622 3325 ΙΙ
636 3263 668 3310 11
683 3255 775 3311 delum
796 3272 811 3310 e
824 3273 852 3311 or.
866 3257 878 3325 ΙΙ
889 3261 924 3309 14
939 3271 983 3310 ax.
998 3255 1027 3309 at
1040 3255 1114 3313 (ants

99 3332 182 3412 corr.)
198 3329 233 3386 θ.
244 3333 263 3454 (Ι
284 3334 318 3383 la
336 3329 411 3398 quod
428 3346 457 3384 x,
478 3331 487 3398 ΙΙ
506 3334 543 3383 10
560 3329 641 3382 erunt
659 3330 733 3396 (cate
750 3329 829 3396 corr.)
847 3343 898 3382 om.
914 3327 940 3381 G
957 3328 1025 3395 (aaa
1042 3325 1089 3391 Ε).
1105 3323 1111 3396 Ι

99 3401 227 3457 merirum
264 3399 384 3455 iametrc'r
401 3417 429 3455 c.
452 3401 463 3470 Ι
484 3406 516 3455 11
535 3399 610 3468 pedu
632 3400 770 3466 quaterni
787 3397 812 3452 t
828 3399 869 3467 (et
883 3397 953 3466 Ec)
972 3397 1112 3450 sextantes

100 3476 153 3545 (·te
165 3472 217 3542 Ee)
230 3490 251 3527 s
264 3473 324 3541 (aaa
341 3473 370 3525 et
388 3473 458 3525 sext.
471 3471 605 3526 ddecerut
617 3469 695 3525 Sata.
710 3485 772 3523 cara
785 3468 861 3523 Pers.
876 3470 940 3537 etc).
955 3469 965 3537 ΙΙ
979 3472 1011 3521 15
1026 3466 1112 3536 pedes

102 3563 149 3599 ³11
167 3545 214 3614 (xv
227 3543 270 3613 E)
290 3561 319 3597 .s.
338 3560 366 3597 a.
388 3544 400 3611 Ι
422 3547 456 3596 tt
473 3540 603 3596 inferiori
621 3559 649 3596 x.
673 3543 682 3610 Ι
704 3545 738 3595 11
757 3538 975 3679 versatilem?
990 3538 1027 3606 θ)
1043 3555 1071 3594 n.
