2416 3922
295 154 344 208 Da
362 153 641 209 ARCHITECTURA
658 153 725 208 LIB.
744 153 815 222 VIII,
835 160 851 207 6
1010 154 1074 218 2οΊ

10 304 194 368 [wiseburra
217 304 412 364 contineatur.
447 305 564 379 reliqua
587 307 688 364 omnia
710 306 756 364 uti
777 299 781 382 l
801 304 908 362 fistulis
931 303 1076 379 plumbeis

62 394 111 453 iia
133 397 206 453 sunt
230 394 417 453 conlocanda.
462 393 535 451 item
558 411 626 451 oum
647 395 743 469 primo
767 412 848 469 aqua
871 413 888 451 a
912 393 1009 468 capite
1032 393 1076 450 in-

11 492 54 548 10
62 482 210 558 mittitur,
238 485 307 541 ante
333 482 440 541 favilla
467 482 649 557 inmittetur,
675 483 721 541 uti
749 484 923 559 coagmenta
947 482 971 540 si
993 476 996 558 l
1018 501 1076 557 qua

63 573 138 631 sunt
167 589 228 629 non
259 572 332 630 satis
360 570 454 631 oblita
480 571 586 630 favilla
613 571 792 632 oblinantur.
837 570 948 629 habent
976 573 1076 629 autem
1096 587 1129 636 10

35 659 243 722 starbulorum
265 660 418 723 ductiones
442 678 477 717 ea
500 661 661 718 commoda.
693 660 823 736 primum
840 660 872 718 in
891 678 978 734 opere
998 660 1076 735 quod

63 749 92 809 si
119 748 201 825 quod
227 748 336 808 vitium
360 749 474 807 factum
495 749 600 823 fuerit,
628 749 754 825 quilibet
775 749 806 806 id
828 752 927 824 potest
949 748 1075 807 reficere.

63 838 217 914 etiamque
245 838 341 897 multo
368 835 516 896 salubrior
542 839 587 896 est
614 858 649 896 ex
671 838 785 896 tubulis
809 855 888 912 aqua
910 856 1002 912 quam
1023 858 1077 914 per

23 917 206 1008 (ufistnllas,
229 925 309 1002 quod
329 926 483 1002 plumbum
505 926 624 985 videtur
651 945 713 986 esse
739 926 806 984 ideo
828 927 970 985 vitiosum
997 928 1076 1002 quod

63 1034 100 1075 ex
128 1034 165 1075 eo
193 1033 311 1074 cerussa
337 1017 482 1089 nascitur,
514 1014 587 1073 haec
614 1019 715 1074 autem
743 1015 852 1073 dieitur
878 1033 941 1073 esse
968 1034 1075 1074 nocens

21 1125 50 1165 ro
63 1104 240 1180 corporibus
260 1104 405 1162 humanis.
439 1103 544 1179 itaque
564 1104 643 1179 quod
662 1124 697 1162 ex
715 1122 750 1162 eo
768 1106 941 1178 procreatur
959 1099 1027 1183 (si)
1045 1105 1077 1162 id

63 1195 111 1253 est
133 1194 284 1267 vitiosum,
306 1212 365 1252 non
389 1195 434 1251 est
456 1192 581 1250 dubium
603 1194 675 1268 quin
697 1193 795 1268 ipsum
819 1211 935 1268 quoque
958 1195 1076 1251 nonsit

62 1281 193 1341 salubre.
234 1282 384 1358 exemplar
406 1284 506 1339 autem
529 1281 566 1339 ab
590 1280 751 1339 artificibus
773 1281 948 1357 plumbariis
971 1300 1074 1356 possu-
1094 1299 1125 1346 11

10 1382 52 1436 110)
61 1389 131 1429 mus
155 1371 295 1446 accipere,
318 1370 397 1446 quod
417 1365 421 1448 l
441 1369 606 1446 palloribus
630 1373 789 1446 occupatos
812 1370 923 1428 habent
946 1371 1074 1445 corporis

62 1459 187 1519 colores.
223 1478 350 1534 namque
373 1477 439 1517 cum
460 1459 612 1517 fundendo
634 1459 789 1534 plumbum
809 1460 906 1534 fiatur,
928 1478 1022 1535 vapor
1040 1480 1076 1517 ex

20 1569 48 1610 15
63 1567 100 1608 eo
127 1548 259 1607 insidens
287 1549 417 1624 corporis
444 1550 527 1606 artus
555 1551 584 1606 et
610 1549 643 1605 in
670 1548 748 1607 diem
775 1567 897 1607 exurens
925 1548 1014 1623 eripit
1041 1568 1075 1607 ex

60 1637 206 1696 membris
228 1656 330 1695 eorum
353 1636 505 1713 sanguinis
528 1638 662 1696 virtutes.
699 1638 801 1712 itaque
824 1638 945 1696 minime
968 1638 1074 1696 fistulis

61 1724 214 1802 plumbeis
241 1744 321 1801 aqua
348 1726 416 1784 duci
442 1725 572 1801 videtur,
599 1725 624 1784 si
651 1727 787 1786 volumus
810 1745 876 1785 eam
898 1726 1006 1785 babere
1029 1745 1074 1785 sa-

10 1815 191 1878 salubrem.
227 1833 420 1890 saporemque
443 1814 596 1874 meliorem
619 1835 654 1873 ex
673 1810 677 1893 l
698 1815 809 1873 tubulis
829 1834 891 1875 esse
911 1815 1075 1875 cotidianus

62 1906 166 1979 potest
188 1903 318 1962 indicare
340 1904 453 1977 rictus,
480 1904 558 1978 quod
583 1922 683 1962 omnes
706 1907 833 1963 structas
857 1923 924 1962 cum
946 1904 1076 1963 habeant

21 2013 49 2052 ao
62 2010 207 2052 vasorum
233 1995 440 2069 argenteorum
466 2010 596 2067 mensas,
625 1995 726 2052 tamen
749 1995 871 2069 propter
894 1995 1007 2069 saporis
1030 1995 1074 2050 in-

61 2082 238 2158 tegritatem
259 2080 399 2140 ficlilibus
421 2083 554 2139 utuntur.

133 2169 186 2228 Sin
209 2161 310 2228 autem
332 2170 428 2228 fontes
452 2167 533 2247 <non
552 2166 642 2245 sunt>
663 2171 740 2228 unde
760 2170 911 2229 ductiones
930 2188 1076 2245 aquarum
1095 2186 1127 2234 12

63 2259 223 2333 faciamus,
250 2276 367 2317 necesse
391 2261 436 2317 est
457 2261 562 2334 puteos
586 2259 694 2317 fodere.
739 2259 771 2316 in
793 2261 951 2334 puteorum
974 2260 1075 2316 autem

10 2339 70 2429 1²⁰1}
86 2347 269 2406 fossionibus
296 2365 355 2405 non
383 2351 428 2406 est
455 2348 668 2406 contemnenda
694 2349 786 2421 ratio,
814 2347 865 2405 sed
892 2346 1075 2404 acuminibus

21 2455 51 2496 25
64 2436 259 2511 sollertiaque
277 2454 387 2512 magna
404 2437 555 2495 naturales
574 2455 672 2494 rerum
690 2437 820 2495 rationes
840 2435 1076 2509 considerandae,

64 2525 146 2601 qnod
167 2524 259 2583 habet
280 2525 376 2583 multa
399 2525 541 2599 variaque
563 2528 644 2583 terra
666 2527 698 2582 in
720 2544 751 2584 se
774 2543 890 2602 genera.
930 2526 976 2582 est
998 2525 1076 2582 enim

62 2614 112 2672 nti
148 2614 282 2689 reliquae
312 2632 360 2672 res
392 2633 427 2672 ex
458 2617 603 2689 quattuor
633 2614 787 2690 principiis
819 2614 991 2690 composita.
1046 2616 1077 2671 et

62 2704 195 2778 primum
218 2705 263 2761 est
284 2703 349 2778 ipsa
371 2706 489 2761 terrena
511 2703 659 2777 habetque
683 2721 718 2760 ex
735 2723 836 2763 umore
855 2721 951 2778 aquae
970 2705 1076 2777 fontes,

10 2794 54 2854 12⁵)
63 2793 139 2850 item
166 2791 277 2850 calores
298 2788 302 2868 Ι
322 2792 400 2850 unde
423 2793 514 2850 stiam
536 2792 664 2867 sulphur
686 2792 804 2849 alumen
826 2792 959 2851 bitumen
981 2794 1075 2851 nasci-

20 2899 51 2940 ao
64 2883 128 2956 tur,
153 2881 287 2956 aerisque
310 2881 432 2955 spiritus
455 2880 596 2954 inmanes
620 2882 671 2956 qui
695 2898 761 2938 cum
784 2899 888 2957 graves
910 2901 964 2957 per
985 2883 1076 2939 inter-

63 2969 153 3028 venia
180 2968 315 3028 fistulosa
341 2970 438 3028 terrae
465 2971 642 3044 perveniunt
668 2969 706 3026 ad
733 2970 892 3028 fossionem
918 2972 1076 3045 puteorum

138 3155 334 3209 4oblinentur
351 3173 378 3210 a.
406 3158 416 3225 ΙΙ
443 3155 552 3223 8quod
574 3171 624 3224 per
642 3154 788 3225 plumbum
806 3175 833 3210 x.
864 3157 868 3225 Ι
898 3155 984 3224 quod:
1008 3154 1076 3223 quia

65 3227 128 3282 ΕΒ.
151 3228 161 3296 ΙΙ
184 3231 199 3278 9
219 3242 264 3280 eo:
282 3225 398 3296 plumbo
413 3227 440 3281 S.
466 3229 470 3294 l
495 3243 592 3280 cerusa
610 3226 679 3294 Ec,
697 3243 793 3281 cerosa
806 3228 833 3283 S.
856 3230 865 3297 ΙΙ
889 3233 922 3280 10
940 3225 982 3280 ita
1000 3226 1076 3293 quod

65 3298 100 3351 H
104 3298 140 3365 G,
157 3297 255 3366 itaque
269 3299 306 3364 Ε,
325 3298 367 3351 ita
386 3314 451 3368 ergo
472 3302 505 3350 cu
524 3298 600 3364 quod
618 3298 644 3352 S.
675 3301 679 3366 Ι
709 3297 733 3350 si
751 3315 844 3354 omo.
869 3302 873 3368 Ι
899 3298 940 3352 id:
960 3315 1009 3352 om.
1025 3297 1076 3369 Sl!

66 3375 99 3422 11
120 3367 189 3437 quin
205 3368 312 3423 GE⁶Sz
331 3367 379 3436 qui
397 3369 479 3423 inIl.
508 3370 517 3437 ΙΙ
545 3373 578 3421 15
597 3367 674 3422 indie
692 3387 719 3424 a.
743 3372 752 3439 ΙΙ
775 3375 808 3423 19
828 3371 949 3423 structas
969 3368 1074 3438 (Fac.):

66 3441 125 3510 ex(s
140 3438 350 3509 EGS)tructas
367 3457 394 3493 er.
413 3442 423 3509 [1
442 3445 474 3492 22
493 3456 549 3492 non
569 3442 646 3494 sunt:
665 3457 715 3494 om.
729 3457 757 3495 a.
772 3444 781 3509 ΙΙ
795 3446 830 3493 24
847 3439 1016 3494 fossionibus
1035 3442 1077 3508 (ia

65 3512 132 3580 raa)
147 3510 198 3565 El:
217 3509 440 3580 possessionibus
455 3510 582 3566 HSEG.
597 3513 606 3581 Η
620 3517 654 3564 30
672 3510 818 3566 intervena
832 3512 893 3566 EG
912 3508 982 3579 (nia
996 3510 1075 3579 HS).
