2416 3922
121 198 186 265 294
445 197 481 251 Μ.
503 195 585 252 curt
603 195 804 252 FAVENTINI

117 348 294 427 regionibus.
332 365 533 422 quaecumque
548 367 617 424 ergo
633 367 668 406 ex
687 349 772 422 parte
786 346 953 405 meridiana
967 344 1126 404 caeduntur

118 437 251 496 utiliores
280 439 378 510 erunt,
407 456 442 494 ex
468 438 553 511 parte
578 439 677 494 autem
700 436 925 512 septentrionali
948 434 1126 510 proceriores

120 528 189 585 sunt
212 525 329 583 arbores
352 525 404 583 sed
427 525 486 584 cito
509 527 662 585 vitiantur.

5 609 133 704 {fig-⁸¹33
216 604 219 694 Ι
235 613 335 671 Primo
358 615 402 671 ita
421 615 516 673 cortes
536 617 565 672 et
584 614 698 673 culinae
718 613 821 672 calidis
840 613 913 672 locis
933 613 1128 689 designentur.
1136 619 1168 670 (1⁰1

5 729 23 760 e
35 715 133 756 msulae
147 701 260 761 bubilia
282 703 314 760 in
332 705 417 778 parte
435 703 599 761 meridiana
617 703 660 761 ita
679 705 713 761 ut
732 701 769 760 ad
788 704 887 760 ortum
905 706 959 760 ant
978 702 1016 760 ed
1034 702 1150 759 focumo

5 768 134 881 ὶᾞξωξῗ
147 791 237 850 boves
260 794 401 866 spectent.
439 791 609 850 nitidiorem
632 793 710 850 enim
733 791 844 849 cultum
866 791 1025 866 recipiunt,
1048 790 1073 848 si
1094 788 1129 846 ed

5 894 54 934 eeu.
70 869 91 944 1:
102 894 134 934 21·
148 881 249 938 lumen
279 880 443 939 attendant.
488 881 616 939 latitudo
644 899 686 939 xv
711 879 825 955 pedum¹
848 878 1026 954 disponatur
1049 877 1129 937 etin

13 948 106 996 ΜΦ·
120 969 245 1045 singulis
271 969 394 1044 paribus
421 988 477 1028 vm
504 969 593 1044 pedes
620 968 835 1043 relinquantur.
886 968 1000 1044 equitia
1028 966 1126 1026 calidis

117 1057 189 1117 locis
210 1053 215 1135 i
236 1057 416 1131 ordinentur,
440 1062 470 1116 et
493 1058 663 1117 obscuriora
685 1057 759 1115 fiant
782 1060 816 1114 ut
834 1056 932 1115 securi
952 1055 1022 1132 equi
1040 1055 1168 1131 pabo-(¹⁶5

117 1148 224 1206 lentur.
262 1147 353 1205 ovilia
373 1150 402 1206 et
416 1147 540 1223 caprilia
557 1165 611 1222 pro
625 1146 830 1222 magnitudine
845 1146 911 1222 agri
925 1145 1160 1221 disponantur.1o

118 1236 192 1295 oella
214 1236 330 1294 vinaria
358 1239 460 1294 contra
487 1235 695 1312 frigidissimas
719 1234 794 1293 caeli
822 1235 928 1311 plagas
954 1234 1126 1292 conlocetur.

117 1324 218 1382 lumen
231 1325 369 1382 fenestris
383 1343 402 1382 a
420 1325 620 1401 septentrione
633 1323 791 1397 tribuatur,
810 1327 846 1381 ut
859 1323 992 1397 undique
1006 1321 1128 1398 frigidus

118 1432 169 1472 aer
195 1413 265 1471 vina
291 1413 453 1472 incolumia
481 1415 584 1472 servet.
630 1431 740 1487 vapore
768 1413 847 1470 enim
875 1412 977 1470 omnia
1005 1429 1128 1470 corrum-

117 1492 237 1576 puntur.
262 1497 266 1579 i
290 1502 423 1560 torcular
453 1501 543 1560 huius
574 1503 606 1559 in
633 1501 832 1576 septentrione
864 1503 1007 1574 ponatur.
1059 1498 1170 1558 anatur

118 1582 218 1648 autem
245 1591 352 1649 olearis
379 1592 411 1648 in
437 1590 560 1648 meridie
589 1589 796 1649 constituenda
824 1592 876 1647 est.
921 1589 1073 1647 fenestrae
1095 1585 1128 1646 ab
1139 1602 1161 1644 ιε

118 1678 221 1737 eadem
246 1681 331 1753 parte
358 1678 539 1753 tribuantur,
572 1697 608 1736 ne
633 1679 747 1755 frigore
775 1678 874 1736 oleum
901 1695 969 1736 curn
998 1676 1128 1736 sordibus

118 1768 284 1843 stringatur
311 1769 341 1825 et
368 1767 500 1826 suavitas
529 1767 643 1842 saporis
670 1770 782 1843 pereat.
826 1767 958 1825 torcular
986 1766 1077 1824 huius
1102 1764 1130 1822 in

117 1854 239 1913 meridie
273 1858 430 1914 statuatur.
484 1856 659 1933 magnitudo
692 1875 747 1931 pro
780 1855 964 1914 abnndantia
996 1854 1043 1912 rei
1073 1854 1129 1911 fiat.

118 1944 257 2022 granaria
289 1943 327 2002 ad
359 1945 591 2019 septentrionem
611 1939 615 2023 i
635 1944 684 2003 vel
717 1945 885 2019 aquilonem
916 1945 1067 2019 spectent,
1098 1943 1171 1999 uteo

118 2052 185 2092 aere
211 2032 348 2110 gelidiori
379 2034 480 2109 fruges
508 2022 619 2092 tutius*
634 2024 805 2114 serlventur.
854 2035 1019 2107 vaporatae
1053 2031 1179 2090 emmane

116 2124 251 2199 regiones
279 2121 463 2181 curculiones
492 2124 522 2180 et
549 2121 610 2180 alia
636 2142 745 2199 genera
770 2121 966 2180 bestiolarum
991 2120 1160 2179 nutriuntur

118 2231 193 2287 quae
225 2213 325 2289 fruges
357 2213 558 2286 corrumpunt.
613 2210 718 2270 horrea
749 2211 852 2268 fenilio
883 2209 1014 2285 pistrina
1047 2211 1127 2267 extro

116 2301 220 2359 villam
247 2302 316 2359 sunt
338 2298 556 2372 constituenda,
579 2301 615 2357 ut
638 2299 674 2357 ab
697 2299 775 2376 ignis
798 2299 930 2374 periculo
954 2298 1046 2358 villae
1071 2298 1128 2356 sint

116 2389 249 2447 tutiores.
285 2389 311 2447 si
334 2387 407 2464 quid
424 2406 494 2447 vero
517 2388 623 2446 melius
648 2391 677 2446 et
700 2386 823 2446 nitidius
846 2388 944 2446 faeere
966 2381 970 2464 Ι
991 2385 1160 2459 volneris,(⁵t

117 2478 251 2552 exempla
275 2478 310 2535 de
333 2477 453 2535 urbanis
476 2475 597 2535 fabricis
620 2495 726 2535 sumes.
1143 2489 1163 2530 a

5 2558 64 2622 m·
90 2557 124 2620 ,ΒΘ
218 2564 332 2623 Urbani
349 2567 451 2640 itaque
471 2567 567 2639 operis
586 2566 715 2642 gratiam
733 2566 911 2622 luminosam
931 2582 995 2624 esse
1010 2564 1132 2640 oportet,

6 2611 142 2658 repositione

5 2664 84 2728 noris,
100 2675 138 2704 ur-
151 2653 326 2728 praesertim
336 2673 402 2712 oum
411 2653 486 2712 nulli
495 2654 586 2712 vicini
595 2655 723 2730 parietes
732 2653 894 2729 inpediant.
921 2652 1134 2728 disponendum

31 2719 92 2757 Μ’
151 2743 207 2800 erit
221 2744 323 2800 tamen
337 2745 413 2817 ante,
428 2745 463 2800 ut
476 2745 556 2801 certa
571 2761 679 2818 genera
693 2742 895 2801 aedificiorum
909 2743 984 2800 caeli
1000 2743 1132 2818 regiones

5 2789 188 2906 Vltr'6'4'apte
219 2830 335 2906 possint
367 2834 508 2905 spectare.
558 2830 682 2889 hiberna
710 2850 780 2908 ergo
812 2830 945 2888 triclinia
978 2830 1131 2888 hibernum

117 2911 307 3002 oooiidentem
334 2922 468 2995 spectare
495 2919 614 2994 debent,
648 2921 790 2995 quoniam
816 2920 988 2995 vespertino
1018 2919 1179 2976 lummene<

90 3028 92 3032 ⁴
118 3028 191 3084 opus
224 3011 277 3067 est.
328 3027 398 3066 nam
429 3008 474 3067 sol
506 3008 639 3067 occidens
672 3027 731 3066 non
758 3008 854 3067 solum
884 3008 1050 3066 inluminat
1082 3005 1130 3066 sed

118 3100 240 3174 propter
267 3097 328 3155 vim
360 3098 466 3155 caloris
498 3097 614 3173 tepidas
641 3097 715 3154 facit
741 3096 884 3173 regiones.
937 3096 1077 3154 cubicula
1104 3095 1131 3152 et

118 3186 315 3245 bibliothecae
334 3186 372 3243 ad
390 3186 534 3244 orientem
552 3188 685 3261 spectare
704 3184 819 3243 debent.
855 3203 928 3243 usus
944 3185 1025 3243 enim
1038 3186 1131 3243 matu·

119 3277 217 3334 tinum
248 3274 382 3350 postulat
414 3275 522 3332 lumen.
572 3293 642 3332 nam
675 3292 879 3349 quaecumque
912 3275 980 3332 loca
1010 3274 1132 3332 africum

121 3366 258 3438 spectant
280 3381 381 3421 umore
404 3354 569 3444 uitiantur,
597 3365 738 3438 quoniam
759 3362 842 3420 uenti
867 3361 962 3420 umidi
986 3362 1179 3438 spirantesee

120 3452 254 3511 madidos
277 3452 366 3509 flatus
390 3451 490 3509 omnia
511 3451 626 3525 pallore
650 3453 851 3525 corrumpunt.
888 3451 1022 3509 triclinia
1045 3467 1131 3510 verna

122 3543 152 3598 et
181 3540 365 3598 autumnalia
393 3540 432 3597 ad
460 3540 603 3599 orientem
630 3542 763 3615 spectare
792 3538 912 3614 debent,
940 3542 975 3597 ut
1003 3539 1132 3617 gratiora
