2416 3922
229 175 277 229 DE
295 175 575 230 ARCHITECTURA
592 177 658 232 LIB.
677 177 736 246 VII,
757 183 779 231 7.
801 182 816 230 8
964 177 1027 242 175

35 345 109 385 enus
133 329 231 385 cretae
253 327 383 402 primum
402 330 446 386 est
464 327 626 386 inventum.
663 328 922 404 auripigmentum,
946 329 1026 404 quod
1045 339 1075 386 5.

36 431 181 488 ρεενικον
204 434 309 491 gruem
332 416 448 490 dicitur,
470 416 583 473 foditur
604 416 709 476 Ponto.
747 417 909 475 sandaraca
930 409 934 497 l
954 418 1027 475 item

35 503 152 562 luribus
174 504 256 579 locis,
280 504 330 562 sed
351 506 463 581 optima
481 505 578 563 Ponto
597 506 729 579 proxime
747 506 857 562 flumen
874 505 1027 581 Hypanim

34 592 106 651 abet
127 593 291 651 metallum.

83 673 263 762 {Ingrediar
289 700 367 741 nunc
393 683 478 740 minii
506 683 636 741 rationes
664 683 818 758 explicare.
868 683 899 740 id
926 683 1099 741 autemVIlI

35 770 95 846 gris
123 770 321 845 Ephesiorum
349 769 490 829 Cilbianis
521 771 651 846 primurn
682 790 745 830 esse
772 774 954 831 memoratur
982 773 1025 829 in-

35 861 146 934 entum,
169 860 251 917 cuius
276 862 306 918 et
328 878 374 918 res
398 864 428 918 et
449 860 527 919 ratio
551 860 623 919 satis
646 879 770 937 magnas
791 860 881 919 habet
899 861 1026 919 adrnira-

35 965 120 1006 ones.
155 947 269 1007 foditur
287 949 365 1006 enim
383 947 489 1025 glaeba
508 967 584 1023 quae
603 948 719 1023 dicitnr,
738 951 898 1024 antequam
916 952 1025 1008 tracta·

35 1035 145 1095 onibus
169 1037 206 1094 ad
226 1031 230 1114 Ι
250 1037 376 1094 minium
402 1038 590 1112 perveniant,
612 1055 688 1096 vena
711 1038 756 1095 uti
778 1037 902 1112 ferrum,
929 1040 1025 1115 magis

35 1123 135 1184 rbrufo
155 1125 261 1200 colore,
283 1125 393 1184 habens
415 1126 492 1184 circa
515 1144 545 1184 se
568 1125 690 1183 rubrum
712 1126 873 1200 pulverem
909 1146 977 1184 curn
993 1127 1025 1184 id

35 1213 136 1288 mitur,
160 1233 195 1271 ex
216 1214 315 1290 plagis
336 1215 583 1272 ferramentorum
610 1213 726 1272 crebras
750 1215 861 1272 emittit
887 1214 1024 1274 lacrimas

35 1303 132 1379 rgenti
159 1302 233 1378 vivi,
261 1321 337 1378 quae
365 1321 383 1360 a
410 1302 571 1362 fossoribus
599 1303 702 1362 statim
730 1304 917 1379 colliguntur.
968 1304 1058 1362 haer

35 1391 138 1449 laebae
170 1411 237 1449 curn
269 1391 409 1450 collectae
442 1394 523 1466 sunt,
555 1393 587 1449 in
618 1391 737 1449 officina
764 1395 886 1468 propter
912 1392 1023 1450 umoris

35 1480 190 1538 lenitatem
213 1481 377 1539 coiciuntur
400 1481 439 1537 inf
453 1472 613 1562 fortnacem
635 1483 669 1539 ut
691 1482 917 1555 interarescant,
945 1483 975 1538 et
997 1482 1023 1540 is

35 1570 64 1626 ui
89 1587 124 1626 ex
147 1568 193 1626 his
217 1568 254 1626 ab
276 1569 355 1646 ignis
378 1588 488 1645 vapore
515 1570 613 1628 fumus
639 1570 799 1628 suscitatur
821 1589 888 1628 cum
914 1569 1024 1628 resedit

35 1678 44 1715 ι
67 1658 166 1715 solum
188 1658 277 1732 furni,
299 1658 450 1716 invenitur
472 1676 534 1716 esse
558 1661 714 1735 argentum
731 1658 841 1718 vivum.
880 1660 1023 1734 exemptis

35 1746 127 1804 laebis
151 1748 254 1822 gruttae
277 1764 329 1804 eae
353 1765 429 1821 quae
451 1746 621 1805 residebunt
642 1751 765 1824 propter
784 1747 946 1806 brevitates
964 1766 1024 1805 non

34 1837 139 1893 ossunt
162 1835 271 1912 colligi,
294 1835 345 1894 sed
367 1836 399 1892 in
416 1853 469 1894 vas
493 1854 589 1911 aquae
608 1839 820 1895 converruntur
838 1839 868 1895 et
886 1836 928 1894 ibi
946 1837 1024 1895 inter

35 1942 44 1981 i
71 1926 239 2000 congruunt
267 1926 297 1981 et
323 1943 382 1981 una
410 1925 636 1982 confunduntur.
662 1920 666 2003 l
690 1926 721 1983 id
753 1928 854 1983 autern
886 1944 952 1983 cum
984 1925 1024 1984 sit

35 2014 157 2070 nattuor
179 2013 382 2087 sextariorum,
404 2031 558 2072 mensurae
577 2033 642 2072 curn
661 2014 876 2090 expenduntur,
893 2015 1022 2072 invenie-

35 2120 61 2158 rr
85 2119 149 2159 esse
172 2101 270 2175 pondo
289 2105 415 2160 centum.
452 2102 570 2159 cumin
589 2102 689 2177 aliquo
708 2122 777 2161 vase
797 2104 842 2160 est
860 2103 1022 2176 confusum,
1041 2112 1057 2159 3

35 2241 37 2246 ,
61 2207 154 2265 supra
177 2189 208 2247 id
235 2190 343 2266 lapidis
366 2190 566 2248 centenarium
593 2191 709 2265 pondus
736 2192 910 2265 inponatur,
937 2192 1022 2247 natat

35 2299 43 2335 ι
66 2297 182 2337 summo
205 2297 299 2353 neque
323 2298 390 2336 curn
412 2280 559 2353 liquorem
581 2282 680 2354 potest
703 2297 790 2337 onere
813 2296 865 2336 suo
888 2297 1021 2353 premere

35 2385 64 2424 ec
90 2365 199 2425 elidere
221 2386 275 2425 nec
298 2367 450 2443 dissipare.
487 2367 654 2425 centenario
678 2366 795 2426 sublato
816 2360 820 2446 Ι
841 2367 867 2424 si
889 2365 931 2423 ibi
955 2367 1022 2423 auri

35 2454 176 2530 :ripulum
207 2455 381 2531 inponatur,
413 2474 472 2514 non
503 2455 621 2519 natabit
647 2457 698 2514 sed
725 2456 763 2513 ad
790 2455 883 2512 imum
910 2474 963 2530 per
990 2474 1021 2514 se

35 2544 203 2619 eprimetur.
256 2545 302 2602 ita
332 2564 392 2603 non
428 2544 623 2620 amplitudine
659 2544 797 2620 ponderis
830 2543 881 2602 sed
915 2563 1027 2626 genere

84 2825 100 2871 2
129 2819 275 2873 arsenicon
297 2837 324 2874 x.
355 2821 359 2889 1
388 2822 489 2888 pontos
518 2821 641 2874 andarea
659 2820 704 2888 H,
730 2820 1024 2890 ponto.sandareaS

35 2891 110 2944 ›onto
139 2891 228 2944 sanda
255 2907 322 2944 raca
343 2892 423 2959 EG).
450 2893 460 2961 ΙΙ
488 2896 503 2944 6
532 2890 661 2944 cliuianis
681 2891 813 2961 HS(G⁰)‚
843 2891 965 2945 dinianis
986 2892 1021 2958 G,

36 2960 184 3031 uillannis
200 2962 235 3016 E.
250 2963 289 3029 ΙΙ9
307 2962 380 3015 ferro
398 2979 426 3015 a.
441 2964 449 3030 ΙΙ
466 2967 497 3014 13
517 2961 630 3016 officina
644 2961 716 3019 EG:
736 2979 814 3016 -nam
833 2965 872 3032 (a
887 2963 920 3030 S)
934 2961 996 3015 HS.
1011 2961 1022 3033 Η

35 3038 44 3085 l
73 3032 277 3086 intererescant
312 3032 398 3086 fuerit
430 3035 447 3101 (.
466 3032 563 3086 Fuerit
585 3033 657 3102 EG)
689 3049 799 3088 caeram
827 3037 931 3103 (ceram
953 3032 1020 3100 Eo)

35 3102 154 3156 amicam
172 3110 217 3157 etc.
238 3105 460 3173 (p.178,25)a.
483 3105 491 3172 ll
513 3109 545 3156 17
565 3119 642 3172 eaeq,
658 3104 696 3158 H.
716 3121 821 3176 eaeque
838 3106 876 3160 G:
894 3103 946 3175 hee
966 3118 1020 3170 que

35 3217 38 3234 ‚
57 3173 110 3244 heo
131 3190 202 3242 quae
217 3175 252 3229 Ε.
270 3175 274 3244 l
290 3174 458 3228 resedcbunt
472 3175 504 3228 H
508 3174 560 3229 ὅθ
578 3174 655 3244 (resi
670 3177 720 3245 E).
735 3178 744 3246 ΙΙ
759 3180 791 3228 18
811 3176 841 3228 in
858 3190 929 3229 vasa
947 3189 1020 3242 quae

38 3262 74 3318 ue
92 3245 151 3311 GS,
166 3262 192 3313 q,
208 3246 250 3315 E)
264 3263 291 3299 a.
308 3248 312 3313 1
329 3247 527 3299 convertuntur
542 3246 568 3300 G
582 3247 648 3313 (coa
658 3248 708 3316 E).
722 3249 731 3317 {l
747 3253 779 3300 19
794 3247 832 3300 sit
848 3246 1018 3301 Oebmichco:

34 3307 67 3368 nt
80 3333 102 3370 a
116 3318 161 3384 (cf.
178 3316 249 3371 Fac.
260 3333 289 3385 p.
305 3322 369 3383 306,
378 3320 434 3385 25).
449 3319 458 3386 n
472 3322 506 3369 20
520 3315 696 3371 invenientur
709 3335 737 3372 a.
752 3321 761 3387 ΙΙ
775 3323 808 3370 21
825 3315 954 3370 confusus
968 3332 996 3371 a.
1010 3315 1021 3397 [l

35 3393 43 3439 l
67 3386 164 3456 lapide
188 3387 240 3459 (cl
261 3387 292 3440 H
299 3388 325 3442 G
347 3389 384 3441 ad
406 3390 487 3455 finem
509 3404 601 3442 versus
622 3396 747 3458 uterque,
769 3405 825 3442 -em
844 3389 886 3456 E)
904 3405 924 3440 a
948 3388 1020 3455 (saxi

35 3458 102 3526 bo).
117 3460 126 3527 ll
141 3462 174 3510 25
194 3457 317 3527 scripulu
335 3457 486 3528 inponatur
502 3459 528 3514 G
547 3458 689 3528 (scrupuli
707 3459 773 3529 imp.
789 3459 820 3512 E
834 3460 883 3513 abi
902 3457 1019 3526 scriptu-

35 3545 53 3582 s
68 3529 130 3598 EQ:
150 3528 301 3598 scripulum
320 3531 360 3598 (-1'1
374 3530 407 3600 S)
425 3532 547 3599 ponatur
560 3531 594 3583 Η
596 3530 624 3586 S.
