2416 3922
307 169 356 224 na
375 168 656 224 naemuucruaa
673 169 741 224 mc.
760 170 851 239 11‚10.
870 170 910 224 nr
1070 171 1111 236 61

52 332 88 389 62
100 322 168 382 ideo
189 314 194 403 1
214 321 385 395 infemates,
409 321 488 396 quod
511 326 546 379 ex
564 321 673 396 apricis
691 321 764 380 locis
783 321 988 397 adportentur,
1010 322 1112 382 melio·

63 429 65 435 ’
101 430 148 471 res
167 412 239 471 suut
257 429 347 486 quam
366 429 442 486 quae
461 409 498 468 ab
518 410 618 485 opacis
637 410 673 469 de
692 411 899 486 supernatibus
918 412 1112 470 advehuntur.

169 498 322 568 Quantum
344 501 443 558 animo
464 498 648 558 considerare
666 500 760 575 potui,
783 499 819 558 de
838 500 930 576 copiis
949 519 1025 576 quae
1045 504 1113 560 sunt
1132 516 1148 563 3

101 588 286 648 necessariae
307 587 340 646 in
358 588 558 648 aedificiorum
576 588 846 665 comparationibus
866 591 896 648 et
914 588 1020 664 quibus
1038 593 1112 649 tem·

74 670 274 760 stperaturis
302 697 318 736 o
340 696 439 736 rorum
461 680 568 735 natura
590 677 805 752 principiorum
826 677 934 737 habere
956 678 1114 737 videantur

101 767 277 826 mixtionem
305 784 440 842 quaeque
465 765 568 825 insunt
594 766 626 824 in
653 766 778 844 singulis
805 767 961 843 generibus
987 768 1112 828 virtutes

48 882 50 888 ⁸
100 858 133 915 et
155 855 244 930 vitia,
271 855 318 914 uti
343 873 404 914 non
430 855 491 914 sint
517 854 621 932 ignota
648 855 871 915 aedificantibus
895 857 1023 932 exposui.
1069 858 1113 916 ita
1140 877 1141 880 ¹

100 944 155 1020 qui
187 945 340 1020 potuerint
372 962 472 1002 eorum
503 946 729 1020 praeceptorum
756 946 839 1020 sequi
866 946 1113 1021 praescriptiones

102 1036 191 1093 erunt
217 1033 436 1109 prudentiores,
464 1032 706 1110 singulorumque
733 1052 874 1110 generum
896 1053 982 1093 usum
1006 1035 1113 1111 eligere

61 1125 245 1199 repeterent
270 1122 303 1180 in
323 1117 327 1201 Ι
348 1121 493 1197 operibus.
540 1140 608 1199 ergo
637 1121 779 1197 quoniam
806 1121 842 1180 de
869 1123 1113 1197 apparationibus

101 1214 149 1270 est
176 1210 369 1287 explicatum,
387 1210 428 1268 in
454 1211 559 1270 ceteris
582 1210 781 1269 voluminibus
809 1211 844 1269 de
871 1211 944 1286 ipsis
973 1211 1113 1271 aedificiis

45 1309 72 1334 ·’
101 1302 279 1376 exponetur,
312 1302 343 1358 ot
373 1299 503 1375 primum
534 1299 570 1357 de
602 1300 725 1358 deorum
756 1299 961 1358 inmortalium
992 1300 1113 1359 aedibus

100 1388 195 1448 sacris
219 1389 302 1448 etde
326 1407 428 1447 earum
451 1388 630 1464 symmetriis
654 1391 684 1447 et
705 1388 955 1465 proportionibus,
979 1389 1024 1448 uti
1043 1389 1113 1449 ordo

100 1479 247 1555 postulat,
269 1476 439 1553 insequenti
459 1476 648 1554 perscribam.
669 1472 673 1555 t

59 1961 86 2002 15
433 1930 564 1996 LIBER
587 1930 783 1998 TERTIUS.

168 2099 331 2176 Delphicus
362 2098 472 2174 Apollo
505 2096 658 2157 Socratem
695 2100 827 2157 omnium
863 2099 1148 2175 sapientissimuml

101 2188 234 2264 Pythiae
255 2187 404 2264 responsis
427 2189 472 2246 est
489 2188 648 2262 professus.
684 2188 709 2246 is
729 2190 829 2246 autem
847 2190 1028 2247 memoratur
1045 2208 1114 2262 pru·

101 2278 209 2336 denter
232 2277 459 2352 doctissimeque
482 2275 603 2351 dixisse,
631 2275 796 2351 oportuisse
818 2275 972 2333 hominum
994 2279 1114 2351 pectora

100 2368 269 2425 fenestrata
292 2369 322 2424 et
343 2367 449 2440 aperta
467 2383 539 2438 esse,
561 2365 684 2423 utinen
703 2365 833 2424 occultos
851 2364 994 2422 haberent
1013 2383 1114 2424 sensus

60 2477 89 2517 ao
102 2454 157 2514 sed
170 2457 308 2531 patentes
325 2445 329 2535 t
344 2454 384 2511 ad
397 2452 649 2513 considerandum.
681 2453 798 2512 utinam
811 2472 880 2512 vero
894 2473 993 2512 rerum
1006 2456 1115 2512 natura

102 2544 285 2604 sententiam
312 2543 374 2602 eius
402 2544 503 2602 secuta
526 2541 674 2617 explicata
697 2545 727 2602 et
749 2541 926 2617 apparentia
949 2561 984 2600 ea
1007 2542 1114 2603 consti·

102 2633 220 2693 tuisset.
266 2631 399 2702 sienim
424 2631 469 2688 ita
491 2631 609 2705 fuisset,
637 2650 697 2689 uon
720 2631 817 2690 solum
839 2631 942 2690 laudes
965 2635 1018 2690 aut
1040 2632 1115 2691 vitia

102 2722 272 2780 animorum
290 2721 328 2779 ad
345 2738 467 2778 manum
485 2721 695 2795 aspicerentur,
713 2718 873 2779 sedetiam
892 2720 1116 2796 disciplinarum

104 2809 247 2870 scientiae
266 2809 319 2868 sub
335 2810 487 2868 oculorum
503 2808 736 2868 consideratione
752 2808 899 2868 subiectae
918 2829 977 2868 non
995 2809 1114 2868 incertis

63 2922 90 2962 25
104 2898 224 2958 iudiciis
241 2898 447 2974 probarentur,
470 2898 521 2956 sed
541 2892 545 2975 t
566 2900 596 2955 et
614 2897 708 2956 doctis
728 2901 757 2957 et
776 2898 935 2956 scientibus
954 2898 1115 2956 auctoritas

48 2976 284 3065 (ssegregiaet
311 2986 427 3046 stabilis
455 2977 629 3068 addereit'ur.
674 2986 767 3064 igitur
790 2987 931 3062 qnoniam
956 2987 1029 3044 haee
1056 3004 1116 3044 non

104 3078 150 3136 ita
173 3076 225 3136 sed
247 3077 294 3135 uti
316 3078 424 3134 natura
446 3094 546 3134 rerum
567 3074 664 3134 voluit
687 3077 756 3134 sunt
779 3075 949 3149 constituta,
971 3095 1031 3134 non
1055 3074 1115 3132 effi-

105 3166 185 3226 citur
206 3168 241 3224 ut
262 3165 380 3241 possint
396 3163 530 3224 homines
549 3163 712 3223 obscuratis
731 3162 784 3223 sub
803 3163 970 3240 pectoribus
988 3163 1115 3240 ingeniis

177 3429 194 3478 2
214 3423 251 3477 ad
262 3423 266 3496 Ι
278 3423 417 3490 ducuntur
431 3423 472 3490 Η,
490 3421 666 3477 advehuntur
680 3422 712 3477 S:
739 3422 915 3504 adducuntur
931 3421 1017 3491 9118
1035 3437 1115 3490 prae·

105 3508 249 3601 ceptordm
263 3530 301 3586 Η.
316 3532 326 3601 ΙΙ
341 3535 374 3583 10
393 3529 617 3600 apparitionibus
635 3548 662 3584 r.
677 3530 687 3598 ΙΙ
702 3534 734 3581 12
754 3527 902 3598 exponitur
918 3545 946 3583 cc.
