2416 3922
342 172 391 225 DE
410 171 691 228 ARCHITECTURA
710 174 776 227 LIB.
795 173 844 241 VI,
863 179 878 227 7
1055 171 1117 234 149

102 327 249 400 quattuor
262 324 400 383 tricliniis
420 324 523 382 stratis
539 324 792 383 ministrationum
810 324 1006 399 ludorumque
1022 323 1119 398 operis

101 414 186 472 locus
210 413 306 489 possit
329 431 392 471 esse
415 413 572 488 spatiosus.
609 413 641 470 in
662 414 709 472 his
733 413 810 472 oeois
832 413 910 471 fiunt
927 413 1027 470 virilia
1050 430 1117 470 eon·
1137 427 1153 473 4

100 502 192 562 vivia.
247 521 307 561 non
340 502 419 560 enim
450 502 549 560 fuerat
584 502 757 560 institutum
788 505 899 560 matres
935 500 1119 559 familiarum

65 602 208 651 (beorum
230 582 371 672 morilbus
395 591 575 649 accumbere.
620 592 693 649 haee
721 594 823 649 autem
846 591 991 667 peristyla
1014 590 1118 648 domus

76 679 308 740 sandronitides
331 679 477 753 dicuntur,
501 680 580 754 quod
602 680 634 736 in
656 680 682 738 is
702 681 760 738 viri
784 680 846 738 siue
869 678 1118 754 interpellationi·

101 768 157 826 bus
180 769 341 826 mulierum
359 771 523 827 versantur.
562 771 716 843 praeterea
740 768 843 827 dextra
866 787 901 827 ae
923 768 1044 827 sinistra
1068 767 1118 826 do·

102 857 261 916 muneulae
284 856 506 915 constituuntur
528 857 671 916 habentes
693 858 830 933 proprias
858 857 964 916 ianuas
986 857 1118 915 triolinia

103 949 134 1004 et
167 945 303 1004 cubicula
335 946 503 1020 commoda,
534 947 581 1003 uti
612 947 745 1022 hospites
777 946 968 1004 advenientes
999 965 1059 1004 non
1086 944 1118 1002 in

51 1046 93 1094 <lot
102 1035 251 1110 peristyla
283 1034 336 1093 sed
366 1036 398 1091 in
430 1053 465 1093 ea
486 1026 490 1114 1
510 1034 672 1110 hospitalia
704 1035 894 1110 recipiantur.
949 1053 1020 1092 nam
1052 1053 1119 1092 eum

63 1124 226 1182 rofuerimt
248 1122 354 1182 Graeci
377 1123 564 1182 delicatiores
588 1128 618 1182 et
641 1125 763 1183 fortuna
787 1123 995 1199 opulentiores,
1018 1123 1117 1198 hospi·

102 1211 184 1270 tibus
203 1211 427 1270 advenientibus
445 1211 633 1270 instruebant
650 1212 781 1270 triclinia
800 1212 934 1270 eubieula
953 1231 1020 1270 eum
1037 1231 1118 1286 penu

102 1301 195 1359 cellas
214 1301 369 1376 primoque
384 1301 431 1359 die
450 1300 489 1358 ad
507 1319 610 1359 oenam
628 1300 806 1374 invitabant,
824 1304 943 1375 postero
957 1300 1118 1358 mittebant

101 1389 202 1465 pullos
230 1408 286 1447 ova
313 1389 415 1448 holera
441 1408 530 1465 poma
562 1389 752 1465 reliquasque
784 1409 832 1447 res
860 1392 1000 1466 agrestes,
1050 1389 1117 1446 ideo

50 1490 91 1540 (15)
100 1477 232 1552 pictores
256 1497 290 1536 ea
313 1497 390 1553 quae
413 1478 609 1537 mittebantur
626 1470 800 1560 hospittibus
822 1478 947 1554 picturis
965 1478 1117 1535 imitantes

62 1587 87 1627 15
101 1566 191 1624 xenia
224 1567 457 1642 appellaverimt.
506 1568 550 1625 ita
581 1570 681 1643 patres
713 1567 897 1625 familiarum
928 1567 960 1624 in
987 1567 1116 1642 hospitio

100 1671 164 1714 non
190 1655 369 1713 videbantur
396 1674 458 1714 esse
490 1675 626 1733 peregre,
657 1657 800 1715 habentes
833 1660 976 1715 secretam
1007 1656 1039 1713 in
1070 1655 1117 1713 his

99 1743 301 1819 hospitalibus
328 1744 547 1803 liberalitatem.
593 1745 752 1803 interduo
781 1749 882 1804 autem
908 1745 1053 1821 peristyla
1077 1744 1150 1803 ads

100 1832 266 1908 hospitalia
289 1833 397 1891 itinera
421 1837 490 1892 sunt
509 1852 585 1908 quae
603 1835 752 1893 mesauloe
771 1835 918 1910 dieuntur,
942 1835 1022 1910 quod
1039 1834 1118 1891 inter

50 1933 91 1985 (ro)
101 1921 178 1979 duas
201 1922 284 1980 aulas
307 1922 406 1980 media
429 1925 498 1980 sunt
519 1923 705 1998 interposita,
728 1924 823 1981 nostri
847 1927 946 1981 autem
967 1918 970 2000 1
992 1941 1041 1981 eas
1065 1941 1116 1980 an-

59 2032 87 2070 ·ao
101 2009 211 2068 dronas
236 2011 398 2095 appellant.

172 2097 231 2156 Sed
256 2095 312 2157 hoc
339 2099 426 2158 valde
454 2103 499 2157 est
524 2100 706 2175 mirandum,
737 2119 791 2158 neo
822 2100 901 2158 enim
930 2119 1035 2177 graeco
1063 2119 1117 2158 neo

100 2187 198 2245 latine
220 2190 320 2263 potest
341 2188 372 2245 id
396 2189 560 2247 convenire.
598 2188 703 2247 Graeci
722 2189 802 2246 enim
824 2189 992 2261 ανδρωνα(
1016 2188 1116 2263 appel·

100 2277 170 2334 lant
193 2294 291 2351 oeeos,
314 2276 366 2335 ubi
388 2277 524 2336 convivia
547 2277 647 2335 virilia
670 2278 767 2337 solent
789 2295 865 2351 esso,
894 2277 973 2351 quod
995 2295 1030 2335 eo
1052 2296 1115 2333 mu·

100 2365 191 2423 lieres
210 2383 270 2423 non
289 2365 439 2424 accedunt.
476 2367 549 2424 item
567 2366 644 2424 aliae
662 2385 709 2424 res
728 2370 798 2424 sunt
815 2365 935 2439 similes,
953 2365 999 2422 uti
1012 2367 1115 2439 xystus

61 2474 87 2514 rs
100 2454 281 2529 prothyrum
301 2463 305 2532 1
326 2455 488 2513 telamones
508 2457 538 2513 et
556 2456 700 2513 nonnulla
719 2455 780 2512 alia
798 2455 861 2513 eius
880 2454 969 2513 modi.
1006 2455 1116 2512 ξυετο(
1199 2505 1201 2509 1

101 2543 184 2601 enim
206 2544 252 2601 est
274 2562 380 2620 graeca
403 2543 603 2619 appellatione
624 2544 755 2619 porticus
774 2544 876 2619 ampla
894 2543 1061 2618 latitudine,
1084 2543 1116 2601 in

101 2650 163 2706 qua
182 2631 314 2690 athletae
331 2651 385 2707 per
400 2632 524 2690 hiberna
542 2635 677 2708 tempora
691 2636 869 2691 exercentur.
905 2633 1000 2691 nostri
1015 2635 1116 2690 autem

47 2727 90 2785 [tl
100 2720 287 2795 hypaethrus
320 2712 544 2802 amlbulationes
580 2725 668 2796 xysta
700 2721 866 2797 appellant,
904 2740 977 2797 quas
1010 2720 1115 2780 Graeei

176 2947 190 2994 1
210 2958 309 3012 operas
329 2943 416 3012 (1113
435 2942 534 2996 matris
548 2943 617 2999 HS:
637 2960 679 2997 ·es
699 2945 787 3013 6114
805 2942 984 3014 peristy(')lia
1002 2960 1022 2997 x
1041 2945 1115 3011 (item

98 3031 124 3068 o.
140 3015 291 3083 9.181.115
315 3013 508 3068 andronitides
528 3031 554 3069 a.
585 3014 589 3086 1
619 3013 656 3070 is:
684 3014 728 3068 his
747 3033 774 3070 x.
807 3017 816 3085 11
849 3021 882 3068 12
905 3016 1016 3083 postero
1035 3014 1070 3066 H
1075 3013 1113 3067 G:

98 3104 213 3172 postero
232 3101 278 3156 rie
292 3101 319 3156 s.
334 3105 343 3172 l
358 3107 392 3155 14
409 3101 538 3156 imaeue
551 3103 591 3169 u,
609 3086 655 3156 „2
670 3103 692 3158 s
708 3106 772 3174 (aes
788 3103 832 3173 a).
851 3106 861 3173 l
881 3109 913 3157 17
933 3103 981 3156 au:
1002 3102 1114 3170 offis,

99 3175 130 3227 et
146 3174 183 3243 G)
198 3189 225 3226 a.
241 3176 298 3242 1118
317 3190 401 3241 quem
416 3174 421 3245 1
437 3173 532 3228 esaulo
552 3173 699 3227 edicuntur
713 3174 748 3227 H
763 3177 828 3249 (que
845 3174 989 3228 mesauloe
1008 3173 1061 3227 dur
1071 3173 1113 3244 S),

99 3263 128 3312 q3
146 3245 287 3318 masaulp
306 3243 437 3298 dicuntur
453 3245 485 3299 (ι’.
505 3246 515 3315 11
533 3250 566 3298 22
582 3246 627 3314 (=
642 3248 685 3314 19)
705 3245 845 3299 andronas
863 3264 891 3300 ce.
912 3248 920 3315 11
940 3251 973 3298 23
993 3261 1075 3299 oeeus
1093 3263 1114 3300 a

99 3318 193 3385 (oecos
211 3316 265 3386 6⁶).
288 3317 298 3386 l
321 3320 355 3368 24
374 3315 512 3369 aeeedunt
526 3316 590 3384 Hs,
608 3316 688 3370 -dent
704 3318 737 3372 G.
754 3318 758 3385 Ι
774 3332 818 3370 res
838 3318 903 3370 sunt
917 3316 1028 3371 ficas:
1048 3318 1114 3369 sunt

97 3437 144 3500 res
163 3428 227 3477 ante
245 3439 314 3478 corr.
330 3421 368 3476 H.
383 3423 440 3492 1125
458 3425 603 3493 protyrum
617 3440 637 3477 ee
653 3389 778 3492 (protyrfi
793 3423 834 3494 S).
851 3425 855 3494 1
871 3422 1047 3476 thalamones
1062 3440 1088 3477 e.
1107 3422 1111 3495 1

97 3530 197 3597 xystos
215 3546 242 3584 r.
267 3531 276 3598 11
299 3533 333 3583 28
351 3527 480 3598 hyplarus
497 3530 555 3597 GS,
573 3507 693 3599 hypilrus
711 3530 754 3585 Gt.
776 3531 779 3601 1
800 3529 875 3599 xysti
892 3546 920 3584 a.
