2416 3922
114 157 158 221 48
537 155 702 210 VITRUVII

115 326 176 366 non
202 307 349 367 ruinosae.
394 307 497 382 itaque
525 325 592 364 cum
620 306 725 366 arbitri
753 307 952 366 communium
978 308 1132 384 parietum

116 389 290 478 sulmuntur,
311 414 372 455 non
389 397 550 454 aestimant
568 414 617 456 eos
637 395 742 471 quanti
759 397 832 454 facti
849 396 970 471 fuerint,
991 396 1044 457 sed
1063 407 1178 459 cumffl)

117 504 151 543 ex
169 484 279 544 tabulis
297 484 453 542 inveniunt
472 503 573 543 eorum
590 485 761 560 locationes
783 485 880 560 pretio
898 485 1132 560 praeteritorum

117 592 262 632 annorum
285 574 469 650 singulorum
492 573 641 632 deducunt
667 573 883 650 octogensimas
906 574 1004 633 etita
1027 592 1064 634 ea
1086 593 1132 634 re-

117 663 200 738 liqua
228 681 343 721 summa
369 665 460 737 pacta
486 662 570 720 reddi
596 682 651 738 pro
677 663 724 721 his
754 661 917 738 parietibus
950 663 1157 724 sententiame

116 751 312 827 pronuntiant
334 769 384 810 eos
406 770 467 811 non
488 769 574 826 posse
597 752 664 826 plus
688 769 779 826 quam
801 769 894 810 annos
912 769 995 809 cxxx
1014 751 1132 812 durare.

82 851 98 899 9
186 831 245 921 {De
277 839 418 898 latericiis
445 858 515 898 vero
544 839 702 898 dummodo
734 840 774 898 ad
800 840 1044 915 perpendiculum
1072 841 1134 900 sint
1145 847 1179 904 lt

117 931 230 988 stantes
250 928 326 986 nihil
344 928 506 1003 deducitur,
529 928 580 987 sed
599 930 704 1003 quanti
722 929 834 987 fuerint
852 929 925 988 olim
945 928 1029 1005 facti,
1052 929 1133 988 tanti

119 1036 181 1076 esse
208 1035 325 1093 semper
347 1017 552 1076 aestimantur.
597 1017 700 1093 itaque
726 1017 877 1076 nonnullis
905 1017 1079 1077 civitatibus
1103 1021 1133 1076 et

117 1106 236 1182 publica
268 1125 358 1182 opera
391 1109 420 1164 et
450 1106 584 1182 privatas
616 1106 718 1165 domos
748 1107 839 1165 ctiam
865 1107 962 1184 regias
991 1126 1007 1165 e
1036 1107 1132 1166 latere
1146 1125 1169 1166 a

118 1198 245 1254 structas
268 1195 339 1254 licet
359 1190 363 1274 l
383 1195 492 1269 videre,
516 1198 546 1254 et
565 1194 695 1270 primurn
712 1194 839 1254 Athenis
857 1215 975 1253 murum
993 1196 1047 1270 qui
1066 1204 1168 1272 spe-(⁶)

119 1287 182 1343 etat
209 1283 247 1341 ad
269 1283 447 1359 Hymettum
473 1286 605 1342 montem
633 1286 662 1342 et
684 1283 903 1357 Pentelensem,
929 1283 1003 1342 item
1031 1284 1133 1343 Patris

117 1373 150 1432 in
173 1372 245 1431 aede
267 1373 347 1431 lovis
371 1375 401 1430 et
423 1372 559 1430 Herculis
582 1372 731 1431 latericias
751 1374 849 1447 cellas,
872 1391 940 1431 oum
958 1373 1036 1431 circa
1055 1374 1134 1450 lapi·

118 1462 174 1520 dea
201 1462 233 1519 in
256 1461 328 1520 aede
352 1461 493 1535 epistylia
516 1461 576 1519 sint
599 1463 629 1519 et
651 1463 818 1536 columnae,
843 1462 875 1519 in
897 1461 988 1520 Italia
1011 1461 1134 1522 Arretio

118 1552 269 1609 vetustum
292 1549 410 1626 egregie
430 1551 544 1607 factum
561 1569 688 1623 murum,
707 1550 855 1608 Trallibus
874 1550 994 1610 domum
1011 1551 1134 1628 regibus
1147 1569 1171 1610 rs

118 1638 260 1697 Attalicis
292 1639 404 1696 factam
432 1656 507 1712 quae
535 1638 574 1696 ad
594 1644 598 1716 Ι
618 1638 814 1697 habitandum
842 1657 957 1714 semper
983 1639 1075 1698 datur
1107 1639 1135 1698 ei
1143 1648 1181 1700 (1⁰)

120 1727 171 1802 qui
194 1726 324 1785 civitatis
347 1727 424 1803 gerit
447 1726 652 1786 sacerdotium.
688 1728 761 1785 item
784 1728 1003 1787 Lacedaemone
1028 1747 1044 1787 e
1068 1729 1134 1805 qui·

118 1814 244 1874 busdam
270 1815 432 1890 parietibus
456 1816 547 1874 etiarn
574 1816 708 1891 picturae
732 1817 845 1875 excisae
867 1816 1035 1876 intersectis
1058 1818 1135 1876 late·

119 1903 200 1962 ribus
226 1904 358 1963 inclusae
386 1907 455 1963 sunt
480 1905 512 1961 in
540 1905 646 1981 ligneis
674 1905 777 1964 formis
805 1909 836 1964 et
861 1906 893 1963 in
916 1905 1072 1964 comitium
1097 1905 1135 1965 ad

120 1996 258 2052 ornatum
285 1992 448 2052 aedilitatis
471 1993 614 2051 Varronis
647 1996 676 2052 et
698 1994 839 2053 Murenae
861 1995 981 2052 fuerumt
1003 1995 1134 2054 adlatae.
1148 2012 1173 2053 rc

67 2091 101 2139 10
121 2079 220 2140 Croesi
244 2082 360 2157 domus,
389 2101 479 2157 quam
502 2082 640 2141 Sardiani
668 2081 780 2141 ciuibus
804 2082 843 2140 ad
863 2077 867 2155 Ι
887 2082 1135 2158 requiescendum
1144 2091 1181 2144 (1⁵)

120 2171 227 2229 aetatis
247 2171 316 2246 otio,
336 2171 485 2230 seniorum
503 2171 628 2248 collegio
646 2171 794 2246 genisiam
808 2171 1026 2230 dedicaverunt.
1059 2172 1135 2230 item

119 2259 330 2319 Halicarnasso
357 2260 557 2335 potentissimi
584 2260 662 2336 regis
685 2259 813 2319 Mausoli
842 2260 946 2319 domus
970 2279 1037 2319 cum
1060 2260 1135 2322 Pro·

120 2349 257 2408 cormesio
283 2367 430 2408 marmore
458 2349 558 2406 omnia
584 2348 707 2406 haberet
735 2351 853 2422 ornata,
885 2350 1013 2424 parietes
1042 2349 1136 2409 habet

119 2438 212 2496 latere
235 2440 371 2511 structos
395 2439 447 2512 qui
468 2438 506 2496 ad
527 2438 583 2495 hoc
602 2439 718 2512 tempus
738 2438 888 2514 egregiam
905 2439 1062 2513 praestant
1084 2438 1134 2497 fir·
1148 2454 1171 2496 sc

119 2526 256 2584 mitatem
281 2527 326 2584 ita
353 2527 484 2585 tectoriis
513 2526 649 2601 operibus
678 2527 800 2600 expoliti
828 2527 872 2584 uti
900 2527 971 2586 vitri
1004 2527 1133 2602 perluci-

121 2605 255 2695 diltatcm
280 2614 437 2674 videantur
463 2614 580 2673 habere.
628 2633 724 2689 neque
755 2615 781 2673 is
813 2634 864 2673 rex
896 2614 933 2673 ab
965 2615 1069 2690 inopia
1101 2616 1133 2674 id
1141 2624 1179 2676 (²⁰)

119 2703 200 2761 fecit.
244 2703 368 2762 infinitis
401 2704 480 2763 enim
507 2702 702 2780 vectigalibus
735 2705 799 2762 erat
824 2705 934 2778 fartus,
967 2704 1050 2779 quod
1080 2705 1136 2762 im·

71 2802 102 2849 11
122 2791 247 2867 perabat
266 2791 369 2852 Cariae
393 2793 457 2851 toti.
500 2811 622 2851 acumen
645 2793 746 2850 autem
769 2792 831 2851 cius
856 2797 886 2850 et
908 2793 1074 2852 sollertiam
1096 2793 1137 2852 ad

123 2913 332 2920 ——-—--——-

194 2985 208 3032 1
229 2979 346 3033 arbitrio
364 2997 391 3034 ec.
411 2982 420 3049 1}
438 2984 454 3032 3
473 2977 565 3049 pretia
582 2996 610 3033 x.
624 2981 665 3048 l4
684 2977 869 3048 octogesimas
888 2997 916 3034 u.
933 2980 937 3050 Ι
954 2995 1001 3034 ea:
1027 2995 1063 3034 ex
1079 2996 1108 3034 a.
1126 2979 1136 3051 ll

122 3090 138 3138 5
156 3087 254 3154 pacta:
272 3087 353 3154 parte
371 3103 399 3141 a.
414 3088 452 3156 lli)
471 3083 626 3140 nonnullis:
650 3050 759 3140 fiidrllrs
775 3086 833 3152 (sie)
848 3085 876 3139 S.
891 3087 901 3154 ΙΙ
916 3091 948 3138 12
966 3085 1028 3154 hy(i
1043 3086 1135 3155 Slme-

122 3154 180 3209 ctifi
194 3155 260 3224 HS,
278 3155 409 3210 hirnettifi
427 3157 459 3211 G.
477 3157 480 3224 Ι
496 3155 681 3211 tentelensem
694 3173 721 3209 a.
739 3157 743 3223 Ι
759 3155 829 3209 item
842 3155 935 3224 paries
950 3156 983 3210 H
988 3157 1023 3225 G,
1037 3157 1136 3226 itaque

72 3272 74 3278 .
121 3226 261 3352 ppritersth
276 3230 285 3296 fl
305 3233 337 3280 13
356 3226 487 3351 lapideae
505 3227 621 3352 (crpssffif
635 3245 679 3352 -pp
699 3227 733 3295 S)
751 3228 806 3350 ³30ss
827 3233 860 3279 14
879 3227 982 3353 πττεὴἱὲ
1001 3230 1063 3352 (ag
1080 3228 1136 3353 &tin

121 3368 157 3422 H
171 3298 552 3440 cteliaursad)l520d1dild(l(i
571 3302 602 3422 al
619 3316 684 3424 llud
696 3299 782 3424 diluta
800 3315 943 3437 willirlfflid
962 3303 1136 3425 alilarndssd

122 3438 254 3509 HS(G⁶):
274 3439 474 3495 halicarnassio
492 3441 525 3496 G.
543 3444 546 3510 Ι
562 3438 765 3510 proconnensio
783 3457 810 3494 a.
834 3443 844 3509 ll
867 3445 900 3492 28
919 3440 1069 3496 ininfinitis
1085 3460 1112 3497 a.
1127 3441 1137 3514 ll

123 3513 155 3561 29
175 3510 230 3564 toti
248 3528 297 3566 om.
318 3514 360 3582 (ia
378 3514 450 3581 albo)
468 3512 494 3567 S.
