2416 3922
344 170 392 224 DE
411 168 690 226 ARCHITECTURA
708 171 774 226 LlB.
793 171 827 240 V,
849 178 862 224 1
1050 172 1118 236 105

94 326 184 399 parte
208 341 275 382 cum
303 303 495 400 angularibus
515 341 559 396 vl,
586 321 653 380 ideo
678 322 756 396 quod
782 322 897 380 mediae
921 322 996 381 duae
1022 323 1054 381 in
1078 343 1118 382 ea

94 415 183 488 parte
207 430 268 470 nou
290 414 361 470 sunt
383 411 498 486 positae
521 431 558 469 ne
576 411 732 485 inpediant
750 415 888 486 aspectus
906 413 1012 486 pronai
1031 413 1113 471 aedis

95 501 245 578 Augusti,
269 519 346 576 quae
372 504 416 558 est
443 501 475 557 in
495 499 593 558 medio
616 500 710 558 latere
733 501 857 575 parietis
880 500 1021 559 basilicae
1045 521 1112 561 con-

55 591 199 654 (5llocata
218 592 355 664 spectans
373 589 505 648 medium
522 589 621 646 forum
634 592 664 646 et
679 588 782 646 aedem
802 585 806 669 )
826 589 914 662 lovis
933 590 1005 647 item
1019 591 1113 648 tribu·
1133 604 1153 653 8

69 679 192 754 vualis,
220 678 301 755 quod
328 679 374 736 est
401 678 433 735 in
461 697 496 735 ea
520 677 591 735 aede
619 677 787 753 hemicyclii
811 678 968 736 schematis
990 680 1114 738 minoris

97 770 261 826 curvatura
283 767 453 825 formatum.
496 767 557 825 eius
581 768 682 825 autem
704 766 872 842 hemicyclii
895 767 927 823 in
949 768 1047 826 fronte
1071 771 1116 826 est

96 857 293 915 intervallum
320 856 430 930 pedum
457 873 543 929 xnvr,
574 855 718 913 introrsus
747 858 906 913 curvatura
933 857 1043 931 pedum
1065 876 1115 932 xv,

96 946 145 1003 uti
174 946 226 1020 qui
254 945 334 1020 apud
360 944 555 1021 magistratus
583 947 697 1002 starent
724 944 912 1020 negotiantes
935 945 966 1002 in
992 946 1115 1004 basilica

47 1027 138 1100 uque
161 1034 339 1108 inpedirent.
376 1051 466 1108 supra
485 1033 636 1091 columnas
660 1032 812 1091 extribus
835 1033 926 1109 tignis
948 1028 951 1110 l
972 1034 1116 1108 bipedali-

57 1123 155 1186 robus
189 1123 352 1197 compactis
386 1122 486 1180 trabes
516 1124 585 1179 sunt
613 1122 690 1179 circa
718 1121 902 1196 conlocatae,
935 1141 1045 1196 eaeque
1078 1123 1115 1181 ab

99 1211 201 1270 tertiis
226 1211 370 1269 columnis
395 1229 471 1285 quae
494 1211 617 1268 suntin
640 1209 780 1267 interiore
802 1214 902 1284 parte,
926 1214 1117 1269 revertuntur

98 1301 140 1359 ad
165 1302 252 1358 antas
277 1319 352 1374 quae
376 1318 394 1356 a
417 1317 529 1375 pronao
552 1301 733 1374 procurrunt
756 1299 918 1373 dextraque
942 1302 971 1356 et
995 1300 1116 1358 sinistra

98 1389 312 1464 hemicyclium
343 1390 480 1464 tangunt.
531 1406 621 1462 supra
652 1387 751 1445 trabes
784 1391 887 1447 contra
920 1389 1052 1462 capitula
1081 1402 1153 1451 exe

99 1478 258 1536 fulmentis
281 1477 443 1551 dispositae
471 1476 550 1551 pilae
573 1478 643 1534 suut
666 1476 836 1534 conlocatae
859 1477 939 1535 altae
964 1478 1053 1552 pedes
1072 1497 1116 1550 111,

59 1589 85 1630 15
98 1567 184 1624 latae
200 1560 204 1647 l
221 1585 443 1641 quoqueversus
459 1568 627 1641 quaternos,
660 1584 750 1640 supra
769 1583 817 1623 eas
838 1585 872 1623 ex
890 1565 1005 1624 duobus
1023 1567 1116 1643 tignis

98 1655 289 1730 bipedalibus
308 1655 408 1713 trabes
427 1673 608 1730 everganeae
622 1654 701 1712 circa
715 1657 784 1712 suut
798 1655 978 1714 conlocatae.
1010 1656 1116 1730 quibus

98 1745 225 1819 insuper
246 1746 379 1802 transtra
398 1762 466 1801 cum
484 1743 630 1817 capreolis
649 1743 852 1801 columnarum
871 1746 974 1801 contra
992 1763 1116 1819 corpora

100 1836 132 1891 et
147 1835 235 1891 antas
255 1836 285 1890 et
302 1833 431 1907 parietes
446 1831 552 1907 pronai
566 1832 720 1890 conlocata
734 1833 881 1890 sustinent
894 1853 986 1890 unum
1000 1834 1116 1891 culmen

100 1924 266 1998 perpetuae
284 1920 435 1993 basilicae,
455 1921 582 1978 alterum
601 1940 619 1978 a
637 1921 733 1978 medio
753 1939 843 1995 supra
862 1940 1008 1995 pronaum
1027 1923 1117 1980 aedis,

60 2034 87 2072 ao
103 2006 107 2092 l
121 2011 168 2069 ita
189 2009 379 2086 fastigiorum
405 2009 515 2084 duplex
533 2006 557 2067 Τ
576 2009 623 2066 uti
645 2011 733 2066 notae
757 2010 912 2084 dispositio
936 2010 1115 2069 extrinsecus
1137 2023 1173 2072 10

101 2099 178 2158 teeti
191 2102 223 2157 et
235 2098 386 2157 interioris
401 2099 480 2156 altae
494 2097 653 2156 testudinis
666 2100 800 2172 praestat
814 2098 941 2173 speciem
951 2102 1116 2157 venustam.

100 2189 177 2246 item
199 2187 319 2246 sublata
343 2187 549 2262 epistyliorum
572 2189 747 2244 ornamenta
768 2189 798 2244 et
820 2187 989 2260 pluteorum
1008 2188 1117 2245 colum-

102 2295 270 2351 narumque
303 2276 489 2351 superiorum
516 2274 686 2333 distributio
715 2293 870 2349 operosam
898 2274 1028 2333 detrahit
1055 2294 1116 2333 mo-

102 2366 225 2424 lestiam
258 2366 453 2440 sumptusque
485 2363 625 2421 inminuit
653 2383 688 2420 ex
713 2381 823 2440 magna
850 2365 936 2437 parte
964 2382 1117 2421 summam.

63 2475 87 2515 es
99 2455 184 2530 ipsae
212 2472 283 2512 vero
312 2454 465 2512 columnae
487 2446 490 2529 Ι
511 2453 541 2510 in
573 2451 731 2510 altitudine
763 2454 907 2526 perpetua
935 2452 989 2510 sub
1017 2452 1117 2510 trabes

66 2587 67 2593 1
99 2542 261 2602 testudinis
283 2543 444 2617 perductae
468 2544 499 2599 et
520 2540 773 2617 magnificentiam
795 2540 936 2614 inpensae
960 2544 990 2599 et
1013 2543 1116 2600 aucto·

100 2633 225 2691 ritatem
248 2631 332 2706 operi
355 2630 503 2707 adaugere
526 2630 671 2688 videntur.

174 2931 236 2978 111.
248 2924 316 2978 HS:
331 2940 378 2977 sex
390 2924 423 2978 G.
438 2925 447 2992 ΙΙ
462 2929 477 2975 3
493 2922 606 2992 angusti
617 2923 642 2976 S.
658 2924 667 2992 ΙΙ
681 2928 698 2974 4
712 2921 836 2975 tribunal
846 2942 873 2977 r.
888 2925 897 2992 ΙΙ
912 2929 927 2976 6
944 2927 978 2992 (ct
989 2925 1014 2992 6)
1029 2921 1117 2976 hemi·

101 2994 175 3065 cycli
183 2995 218 3050 H
222 2995 257 3061 G,
270 2994 429 3063 hemiciclyi
439 2996 501 3061 (bic,
515 2993 663 3060 hemicicly
672 3011 695 3047 o.
706 2995 731 3062 6)
741 2994 766 3047 S.
780 2992 784 3064 1
796 2993 926 3047 scematis
936 3012 962 3048 a.
978 2996 987 3062 Ι)
1002 3000 1017 3046 7
1031 2993 1119 3062 pedes

102 3069 163 3136 (bis)
173 3084 200 3120 a.
212 3065 222 3138 ))
232 3071 266 3118 10
275 3067 484 3135 eaequeH(G⁶)‚
494 3081 580 3136 peque
589 3067 648 3133 (sic)
656 3065 683 3130 S,
693 3080 727 3117 ea
737 3080 806 3131 eque
814 3065 848 3119 G.
858 3065 867 3137 ))
878 3071 910 3117 13
919 3063 1116 3132 hemicyclium

101 3173 134 3226 H
138 3173 174 3239 G,
197 3171 273 3225 hemi
293 3171 383 3241 oiclyu
403 3172 429 3226 S.
453 3173 462 3240 Ι)
486 3177 518 3224 16
538 3187 648 3238 quoque
673 3175 721 3239 (qq
738 3170 772 3237 G,
790 3148 839 3238 riq,
854 3171 926 3240 SG0)
944 3187 1041 3224 versus
1059 3187 1087 3224 a.
1112 3169 1115 3241 Ι
1143 3222 1148 3231 ,,

102 3241 248 3312 quaternis
267 3261 295 3296 r.
323 3245 332 3311 Ι)
360 3249 392 3296 16
411 3244 506 3296 trabes
523 3242 560 3296 G:
585 3259 635 3296 om.
651 3243 714 3296 HS.
738 3241 742 3311 Ι
765 3258 939 3311 euerganeae
958 3243 996 3314 (e
1013 3241 1078 3309 GS)
1096 3259 1116 3294 a·

102 3317 145 3382 (=
160 3330 335 3382 everganeae
350 3317 383 3380 cf.
398 3314 554 3383 Quicherat:
569 3313 635 3367 Rev.
647 3315 719 3366 areb.
735 3313 772 3366 N.
784 3313 810 3367 S.
828 3315 888 3379 111,
899 3315 952 3381 71).
967 3314 976 3380 Ι)
992 3318 1022 3365 lv
1039 3314 1116 3364 tran·

103 3390 161 3439 stra
175 3386 235 3454 (L):
255 3387 346 3438 trasta
359 3388 457 3453 191118
473 3383 635 3438 conlocatae
654 3386 692 3454 (9
709 3385 745 3450 G)
760 3383 794 3437 Η
798 3385 831 3448 G,
850 3383 985 3452 collocate
1001 3384 1093 3451 Sfflc).
1107 3382 1118 3454 Η

102 3463 135 3510 20
154 3464 169 3506 τ
188 3455 232 3508 uti
250 3460 346 3510 uotae:
370 3455 508 3509 tectinata
526 3455 570 3522 H,
593 3454 662 3508 tecti
678 3455 682 3524 Ι
697 3457 767 3507 nata
787 3455 821 3521 G,
845 3454 914 3508 tecti
932 3457 1001 3507 nata
1020 3455 1041 3508 S
1058 3455 1118 3524 (occ

101 3526 172 3581 tecti
190 3529 242 3582 del.
260 3527 422 3596 Quieberat).
437 3529 446 3597 ΙΙ
461 3532 494 3580 25
513 3527 608 3580 trabes
624 3527 661 3581 G:
681 3526 762 3579 trabe
778 3526 838 3580 HS.
