2416 3922
90 143 135 207 86
240 192 242 196 »
405 182 407 187 ,
524 148 688 207 VITRUVII

91 293 221 353 subiecti
254 299 436 374 scalpantur.
483 300 568 358 flores
600 301 631 357 in
664 301 806 375 quattuor
837 297 972 372 partibus
1005 299 1122 373 quanta

90 382 149 439 erit
173 382 261 443 abaci
284 388 452 450 crassitudo
474 391 538 450 tam
558 383 561 465 Ι
582 389 684 466 magni
701 389 874 447 formentur.
910 387 957 447 ita
972 387 1024 447 his·
1042 394 1161 460 spur-(²⁵1

88 471 210 533 motriis
232 476 382 537 annana
406 477 538 552 capitula
561 496 630 540 suas
652 476 804 537 habebunt
827 476 1003 539 exactiones.

160 558 240 621 Sunt
264 566 366 627 autem
390 585 466 640 quae
488 565 583 625 adem
606 566 750 629 columnis
768 566 956 641 mpomrutur
971 563 1119 639 capitulo

89 665 158 706 rum
186 669 298 726 genera
325 655 417 715 variis
444 654 597 715 vocabulis
624 656 790 727 nominata,
818 671 947 729 quonum
973 671 1031 714 nec
1052 669 1120 728 pro·
1145 671 1156 711 s

89 736 238 810 prietates
258 735 263 818 Ι
285 744 525 816 symmetriarum
547 763 600 806 nec
624 744 827 807 columnarum
849 761 941 819 genus
961 741 1046 804 aliud·
1068 759 1120 805 no·
1134 739 1161 795 Sl

90 825 208 885 minare
231 847 401 904 possumus,
426 833 479 893 sed
501 835 634 908 ipsorum
656 831 801 893 vocabula
823 831 962 890 traducta
986 832 1017 891 et
1042 848 1119 893 coru·

90 916 213 974 mutata
236 936 272 977 ex
295 921 453 982 constiti
472 924 502 980 et
519 922 683 998 pulvinatis
703 924 733 980 et
751 920 859 982 doricis
877 914 1027 993 videmus,
1047 938 1120 994 quo·

92 1022 160 1063 rum
183 1009 377 1080 symmetriae
400 1010 525 1069 suntin
547 1029 691 1070 novarum
714 1010 931 1085 scalpturarum
952 1008 1120 1070 translatae

92 1093 304 1156 subtilitatem.
1049 1137 1053 1142 -
1132 1117 1155 1155 a

59 1178 81 1232 [Ι
165 1173 170 1264 Ι
192 1181 339 1252 Quoniam
363 1189 463 1247 autem
487 1189 523 1248 de
542 1188 696 1266 generibus
717 1188 920 1250 columnarum
938 1186 1072 1262 origines
1091 1187 1159 1248 aio

92 1271 283 1333 inventiones
307 1293 397 1351 supra
421 1280 491 1339 sunt
514 1279 650 1352 scriptae,
673 1295 733 1336 non
756 1276 885 1337 alienum
907 1274 983 1335 mihi
1000 1274 1121 1336 videm

93 1360 190 1421 isdem
213 1364 381 1425 rationibus
404 1366 440 1425 de
459 1368 640 1429 ornamentis
660 1384 761 1425 eorum
780 1362 1031 1440 quemadmodum
1050 1365 1120 1429 sunt

94 1453 245 1527 prognata
269 1454 299 1514 et
323 1455 430 1529 quihus
453 1456 608 1530 principiis
633 1458 662 1514 et
686 1453 848 1531 originibus
871 1454 994 1513 inventa
1012 1452 1119 1513 dicere.

94 1539 127 1597 in
151 1539 295 1601 aedificiis
319 1544 455 1604 omnibus
482 1545 603 1619 insuper
631 1544 802 1604 conlocatur
828 1542 998 1601 materiatio
1027 1542 1120 1602 variis
1133 1560 1155 1605 u

97 1616 103 1707 Ι
123 1628 278 1690 vocabulis
301 1634 463 1693 nominata.
505 1653 539 1692 ea
559 1635 658 1693 autem
676 1633 722 1690 uti
740 1633 771 1691 in
790 1629 1055 1703 nominationibus,
1077 1631 1121 1693 ia
1128 1639 1161 1691 (1⁰3

95 1715 133 1785 iu,
151 1736 184 1776 re
208 1721 307 1779 varias
330 1722 421 1782 habet
438 1722 596 1783 utilitates.
641 1721 741 1781 trabes
761 1722 839 1781 enim
857 1739 947 1795 supra
966 1719 1121 1781 columnae

95 1805 126 1863 et
145 1802 345 1880 parastaticas
361 1814 391 1870 et
409 1813 495 1870 antas
513 1813 674 1886 ponuntur,
692 1812 724 1869 in
743 1808 1016 1886 contignationibus
1035 1809 1121 1885 tigna

96 1895 128 1951 et
151 1914 229 1955 axes.
276 1899 449 1976 subtectio,
473 1901 498 1958 ei
521 1901 634 1959 maiora
658 1900 755 1974 spatia
779 1901 858 1971 sunt,
881 1899 911 1955 et
933 1899 1069 1958 transtra
1091 1899 1121 1958 et

96 1985 243 2060 capreoli,
275 1989 301 2047 si
329 1989 495 2062 commoda,
524 1989 659 2047 columen
685 1990 717 2046 et
745 1987 890 2047 cantherii
916 1987 1120 2061 prominentes
1133 2005 1156 2044 a

98 2071 137 2129 sd
156 2068 161 2150 Ι
183 2077 344 2135 extremam
368 2078 662 2155 suggruudatiouem.
698 2095 788 2152 supra
812 2076 979 2135 cantherios
997 2075 1161 2151 templati

98 2159 205 2222 deinde
237 2167 358 2242 insuper
390 2167 443 2225 sub
477 2167 594 2243 tegulas
628 2185 739 2225 asseres
768 2167 812 2224 ita
842 2165 1045 2240 prominentes
1077 2164 1121 2223 uti

63 2252 230 2325 aparietes
253 2257 429 2330 proieetmis
454 2275 554 2315 eorum
582 2256 731 2331 tegantur.
777 2256 820 2312 ita
848 2271 1046 2328 unaquaeque
1075 2271 1122 2313 res

99 2340 129 2397 et
152 2339 251 2404 locum
275 2347 305 2404 et
327 2364 419 2421 genus
443 2347 474 2404 et
496 2344 629 2403 ordinem
650 2344 805 2419 proprium
825 2345 935 2400 tuetur.
972 2361 988 2400 e
1013 2341 1121 2417 quibus

98 2426 186 2490 rebus
217 2437 246 2490 et
274 2454 291 2491 a
318 2435 513 2493 materiatura
540 2432 641 2491 fabrili
668 2434 700 2490 in
733 2431 858 2507 lapideis
888 2434 918 2488 et
944 2431 1119 2493 marmoreis
1133 2447 1154 2488 a

100 2517 218 2580 aedium
249 2541 399 2582 sacrarum
429 2516 432 2599 Ι
463 2521 715 2581 aedificationibus
748 2520 875 2580 artifices
908 2519 1161 2596 dispositionum

99 2625 203 2667 eorum
227 2611 385 2685 scalpturis
405 2614 475 2669 sunt
492 2612 603 2672 imitati
623 2613 652 2669 et
671 2629 719 2668 eas
738 2610 924 2668 inventiones
942 2627 1122 2684 persequen-

102 2695 155 2754 das
178 2702 368 2773 putaverunt.
413 2699 480 2759 ideo
505 2699 585 2774 quod
607 2700 724 2774 antiqui
747 2698 825 2757 fabri
848 2698 977 2773 quodam
999 2697 1033 2757 in
1056 2697 1122 2757 loco

103 2785 299 2860 aedificantes
319 2808 387 2847 cum
405 2791 449 2847 ita
469 2789 505 2846 ab
524 2788 713 2847 interioribus
732 2787 896 2862 parietibus
916 2785 954 2845 ad
973 2787 1121 2848 extremas

100 2878 201 2948 partes
224 2879 308 2955 tigna
330 2879 530 2953 prominentia
552 2876 724 2937 habuissent
747 2876 911 2949 conlocata,
933 2876 1013 2933 inter
1035 2875 1156 2952 tignum

101 2966 274 3024 struxerunt
297 2985 445 3042 supraque
469 2984 591 3025 coronas
612 2963 616 3043 Ι
638 2968 667 3023 et
690 2967 812 3042 fastigia
835 2964 1005 3023 venustiore
1024 2965 1159 3039 speeies

105 3122 318 3130 ›--.--——-—-

172 3223 318 3279 thiodem
336 3242 362 3279 x.
378 3226 387 3292 ΙΙ
407 3230 439 3278 13
458 3223 568 3279 hisdem
586 3242 606 3278 a
625 3223 757 3293 (hiisdem
777 3223 831 3290 ΘΟ).
850 3225 860 3292 Ι
885 3226 917 3274 17
937 3239 979 3274 re:
1000 3237 1046 3275 res
1065 3238 1094 3276 or.
1111 3220 1122 3293 ΙΙ

103 3302 135 3349 18
153 3295 343 3365 parastaticas
362 3295 439 3351 HG:
457 3294 615 3365 parasticas
634 3295 660 3350 S.
675 3297 684 3364 ΙΙ
700 3300 732 3348 19
752 3294 886 3347 transtra
901 3295 929 3346 S.
944 3295 954 3362 ΙΙ
966 3298 1003 3373 βο
1023 3309 1121 3366 capra

101 3367 140 3420 oli
160 3369 194 3434 G,
216 3366 396 3436 capreolis:
415 3369 545 3437 caprae(e
564 3365 651 3436 Salis
666 3366 730 3420 Hs.
744 3368 754 3435 Ι
769 3371 801 3419 28
820 3365 988 3433 protectum
1007 3381 1029 3417 n
1047 3366 1120 3433 (pre-

103 3437 216 3491 iecturis
236 3439 292 3507 (3⁰).
306 3440 316 3508 Ι
330 3443 365 3491 26
385 3437 584 3506 dispositiones
599 3438 632 3492 H
638 3437 676 3491 G:
696 3435 902 3506 disputationes
916 3435 938 3490 S
955 3436 1030 3504 (item
1044 3438 1120 3503 89,1

104 3511 133 3562 et
151 3516 214 3564 aute
231 3509 282 3578 ips.
301 3526 370 3564 corr.
386 3513 432 3577 89,
446 3512 483 3579 4).
