2416 3922
99 175 165 241 258
362 162 365 167 '
497 173 686 237 ,vrrauvn

99 344 171 406 goos
193 329 224 386 et
247 343 332 385 arone
353 325 487 386 fundum.
514 343 604 401 supra
626 327 728 384 autom
745 325 923 387 sardonium
941 324 1007 384 eim
1023 341 1108 404 eoag-

99 418 236 476 msntata
252 413 356 475 aroula
373 414 499 476 sustinet
517 417 608 490 eaput
625 413 790 490 machinae,
808 413 860 490 qni
877 431 986 492 graam
1002 428 1110 474 κανων

100 519 246 577 μουακοι
265 503 442 580 appellatur.
473 503 505 563 in
523 502 607 562 ouius
623 503 810 581 longitudine
829 502 958 576 aaualaa
975 503 1002 563 si
1018 505 1110 562 tetra·

101 592 225 652 ohordos
249 595 307 666 ost,
332 591 409 652 fiunt
430 594 586 668 quattuor,
611 591 872 666 aihexaohordoa‚
895 610 960 666 aex,
983 591 1010 652 si
1032 594 1110 652 osh-

65 680 239 756 oohordos,
261 683 336 741 outo.
382 680 506 757 singulis
530 683 630 739 autom
651 673 814 763 aetralibus
836 681 956 760 singula
979 679 1155 758 epitonium

101 773 171 831 sunt
191 769 317 845 indura,
338 769 502 830 manubriis
523 769 627 828 formis
651 770 821 831 conlocatis.
855 789 933 846 quae
955 768 1112 831 manubria

102 878 170 920 oum
191 861 376 937 torquentur,
399 877 435 918 ex
457 876 527 917 aroa
548 850 744 940 patefaloiunt
764 875 851 918 nares
868 859 902 917 in
920 859 1049 920 malea
1078 867 1155 924 exeo

102 947 256 1009 canalibus
278 949 380 1007 autam
401 965 497 1008 oanan
518 947 610 1006 habet
632 947 770 1007 ordinata
790 948 823 1006 in
844 950 1018 1007 manaverao
1035 949 1112 1007 fora·

100 1035 184 1097 mina
212 1034 422 1112 respondentia
452 1035 573 1095 naribus
604 1055 680 1112 quae
707 1039 778 1096 sunt
802 1038 835 1095 in
861 1036 968 1095 tabula
989 1053 1111 1111 samma„

103 1143 179 1202 quaa
205 1124 311 1184 tabula
338 1143 441 1202 graece
469 1125 562 1185 πιναξ
590 1124 707 1184 diuitum.
752 1126 831 1184 inter
852 1124 990 1185 tabulam
1011 1129 1046 1184 et
1065 1142 1111 1184 aar
1123 1145 1146 1186 ιο

100 1224 181 1275 nona
201 1215 323 1292 regulae
345 1216 415 1275 suant
435 1213 631 1289 interpositae
649 1214 687 1273 ad
706 1214 831 1274 eundem
848 1205 981 1297 muldam
997 1215 1145 1277 forataed)

102 1306 134 1364 et
156 1303 221 1364 oleo
240 1302 380 1363 subactae
398 1304 434 1363 ut
450 1302 580 1368 faoiliter
596 1302 780 1379 inpellantur
798 1306 829 1363 et
845 1321 950 1363 rursus
967 1303 1111 1363 introrsus

101 1391 294 1467 reducantur,
322 1409 398 1467 quaa
426 1390 567 1451 obturant
589 1411 625 1450 ee
646 1391 795 1451 foramina
816 1391 1041 1468 plinthidesque
1062 1409 1112 1468 ap·

102 1481 261 1557 pellantur.
286 1499 413 1555 quarum
429 1479 490 1540 itus
509 1482 541 1540 et
557 1480 671 1540 reditus
689 1480 764 1540 elias
783 1480 905 1539 obturat
921 1481 1000 1540 alias
1018 1479 1113 1557 aperit

66 1585 85 1632 4
103 1569 325 1649 terebrationas.
347 1569 421 1629 hese
442 1569 564 1645 regulae
586 1568 699 1629 habent
720 1571 817 1629 ferrea
839 1568 981 1648 choragia
1003 1569 1064 1631 fixa
1084 1571 1144 1629 eta

101 1657 204 1721 iunota
233 1675 300 1717 oum
328 1657 441 1733 pinnis,
470 1676 598 1733 quarum
626 1657 786 1734 pinnarum
814 1661 914 1718 taotua
936 1653 942 1736 1
966 1658 1152 1719 moriamur

103 1745 196 1807 effluit
216 1745 386 1823 regularum
409 1746 602 1806 continenter.
625 1765 716 1823 supra
734 1747 856 1807 tabulae
873 1747 1034 1821 foramina,
1057 1763 1112 1823 qua

104 1852 139 1894 ex
166 1834 319 1895 canalibus
340 1834 452 1894 habent
474 1853 626 1914 egressum
648 1836 784 1912 spiritus,
811 1839 881 1896 sunt
902 1836 988 1894 anuli
1011 1835 1111 1914 adglu-

102 1923 207 1998 meu,
240 1922 348 1998 quibus
378 1923 512 2000 lingarlae
541 1924 673 1984 omnium
701 1925 896 1984 includuntur
924 1942 1113 2002 orgammna

104 2031 121 2073 e
155 2011 292 2074 modiolis
328 2014 429 2071 autem
463 2012 582 2072 listulas
618 2015 689 2076 sunt
723 2014 907 2075 eontinentur
939 2015 1144 2075 eonlmomea

103 2101 227 2178 pnigeos
254 2100 417 2162 cervicibus
444 2101 684 2178 pertinentesque
712 2103 750 2160 ad
777 2120 865 2163 nares
891 2101 1113 2178 quaerentia

104 2190 214 2251 arcula.
257 2190 290 2249 in
315 2182 321 2271 1
345 2189 451 2266 quibus
483 2209 563 2250 assas
595 2194 666 2250 sumt
695 2210 731 2251 ox
757 2194 844 2251 tomo
872 2191 991 2251 subaoti
1018 2194 1051 2251 et
1073 2189 1153 2251 drilll)

105 2279 266 2354 ooulooati,
293 2279 345 2354 qui
367 2297 435 2340 oum
459 2279 571 2355 reoapit
598 2281 700 2338 arsula
722 2280 866 2354 animam,
893 2280 1037 2356 spiritum
1057 2297 1113 2339 noa

68 2369 257 2444 spatientur
292 2367 465 2428 obturantes
499 2368 649 2428 foramina
680 2386 782 2428 nunnus
812 2369 918 2430 redire.
972 2369 1021 2428 ita
1049 2386 1113 2428 omn

104 2459 203 2518 ventes
231 2457 427 2532 extolluntur,
454 2475 581 2516 anoones
608 2457 757 2516 deduount
782 2457 889 2519 fundos
917 2458 1145 2518 modiolorum

106 2545 143 2602 ad
169 2545 262 2602 imum
290 2545 480 2621 delphinique
509 2546 559 2621 qui
587 2549 656 2605 sunt
683 2547 716 2604 in
740 2546 892 2606 verticulis
920 2545 1044 2622 inclusi,
1070 2564 1113 2606 oa·

105 2634 201 2693 lantes
224 2633 256 2694 in
280 2652 328 2694 eos
352 2633 501 2710 cymbala,
528 2654 595 2694 aare
618 2636 745 2710 implent
764 2629 769 2714 1
789 2636 887 2710 spatia
909 2635 1152 2708 modiolorumdt

105 2723 196 2797 atque
219 2739 344 2781 anoonos
368 2723 541 2783 extollentes
559 2724 666 2783 dandos
685 2725 766 2783 intra
783 2724 929 2784 modiolos
947 2722 1112 2786 vehoment'

178 2860 192 2909 1
211 2853 351 2910 oar-rioula
362 2873 390 2911 a.
405 2858 414 2926 11
428 2862 444 2910 a
458 2873 533 2925 quaa
550 2876 576 2928 g.
592 2873 682 2913 oanon
699 2855 1114 2927 musicusa.l81.sioaaalia

106 2925 256 2995 (attamen
275 2927 324 2996 H)
340 2927 535 2983 tetrantordos
552 2946 579 2983 u.
608 2929 619 2997 1
644 2928 851 2984 lexaahordoa
867 2971 872 2983 .
888 2971 894 2983 .
912 2971 917 2983 .
933 2928 1114 2985 munburdo

105 2999 167 3124 u
185 3002 205 3138 1
223 2997 667 3139 reparaturus
777 3000 798 3127 l
812 2998 1105 3140 efferarer

107 3145 141 3193 14
160 3138 253 3209 operit
268 3157 296 3196 a.
328 3141 340 3210 1
370 3144 403 3194 15
429 3139 499 3197 haeo
517 3140 561 3198 H:
585 3073 642 3199 iae
690 3185 696 3197 .
726 3143 732 3211 1
760 3113 893 3215 choragia
919 3143 981 3214 (aio)
998 3160 1020 3203 <a
1044 3143 1113 3212 (fort.

62 3270 64 3275 .
105 3229 241 3299 χαράκια).
265 3229 276 3299 1
302 3211 615 3311 17,οοιι1ἱηωιὺιπι(-17”)
632 3247 659 3285 a.
677 3232 682 3300 1
696 3229 825 3313 tabulam
842 3247 871 3313 aa
887 3230 892 3300 Ι
908 3246 990 3314 qm,
1000 3229 1114 3371 (fflffp

106 3314 141 3353 ox
158 3317 186 3354 a.
204 3302 214 3368 1
232 3304 268 3354 20
285 3301 451 3356 oomuaotae
473 3301 617 3376 (oemuntp
632 3301 669 3371 G)
686 3299 788 3370 hgners
807 3301 1045 3372 oe(1H)rr1orbae
1062 3319 1089 3357 a.

106 3391 141 3441 23
154 3386 255 3457 reeipit
268 3405 295 3443 eo.
310 3389 321 3456 1
333 3393 368 3441 24
381 3388 506 3457 patietis
514 3389 548 3443 H
550 3393 594 3457 )ur
606 3406 634 3445 ea.
649 3391 660 3458 1
672 3394 706 3442 85
720 3389 896 3444 deducuntur
911 3371 964 3461 (·ta
975 3391 1015 3460 H,
1029 3371 1072 3444 -tz
1080 3388 1114 3458 θ)

104 3474 133 3513 x.
153 3461 163 3527 1
181 3463 214 3512 26
232 3457 373 3514 calcantes
393 3460 498 3530 61ἳῖ
518 3459 688 3529 cymbaliare
705 3460 825 3530 implent
841 3478 869 3517 a.
892 3462 903 3531 1
926 3466 960 3515 28
979 3460 1112 3516 modium

105 3543 132 3583 v.
151 3529 246 3598 pulsos
265 3531 338 3598 (aute
355 3534 434 3602 corr.)
450 3531 487 3586 H.
