2416 3922
284 180 332 234 DE
350 179 630 236 ARCHITECTURA
647 182 713 236 LIB.
734 182 804 251 VHI,
824 188 839 236 5
1004 183 1068 248 203

10 345 43 397 so)
54 332 210 408 libraeque
231 327 235 410 1
256 331 374 390 fallunt.
411 331 583 390 chorobates
603 335 702 390 autem
720 335 766 391 est
783 335 887 410 regula
906 334 995 411 longa
1014 336 1068 392 cir-

55 423 133 480 citer
158 420 269 497 pedum
294 419 410 496 viginti.
457 440 491 478 ea
518 420 608 479 habet
635 439 760 481 ancones
787 422 820 480 in
847 422 993 498 capitibus
1021 443 1068 481 ex·

53 510 160 569 tremis
185 510 303 585 aequali
325 508 412 567 modo
436 509 582 584 perfectos
604 509 694 585 inque
716 512 836 587 regulae
860 511 1006 587 capitibus
1031 511 1069 569 ad

54 618 193 658 normam
226 600 461 675 coagmentatus,
494 600 524 656 et
555 599 633 657 inter
663 599 798 676 regulam
830 603 861 658 et
893 618 1018 660 ancones
1051 621 1068 658 a

25 687 227 749 scaldinibus
251 688 405 762 compacta
426 687 655 761 transversaria,
683 707 758 762 quae
781 688 890 747 habent
914 689 1008 747 lineas
1031 689 1069 747 ad
1187 743 1191 756 ,

10 788 44 840 es)
53 775 301 852 perpendiculum
332 777 411 834 recte
439 774 600 850 descriptas
625 771 629 854 Ι
653 777 870 852 pendentiaque
901 797 937 836 ex
965 778 1069 854 regula

10 863 269 942 leperpendicnla
300 863 332 921 in
364 864 488 940 singulis
520 864 655 939 partibus
680 859 684 942 1
709 865 839 942 singula,
876 886 964 941 quae,
1001 885 1068 924 eum

53 953 163 1031 regula
186 955 231 1012 est
254 953 407 1011 conlocata
426 972 517 1028 eaque
536 955 661 1029 tangent
680 973 772 1028 aeque
792 972 825 1012 ac
843 954 956 1029 pariter
974 955 1067 1014 lineas

52 1042 275 1118 descriptionis,
295 1041 429 1099 indicant
450 1041 591 1099 libratam
614 1043 853 1101 conlocationem.
900 1044 945 1102 sin
969 1046 1102 1105 autema

10 1153 38 1192 ro
52 1133 165 1191 vontus
192 1130 427 1205 interpellaverit
455 1132 485 1188 et
512 1130 691 1189 motionibus
716 1131 812 1190 lineae
835 1151 895 1189 non
916 1134 1069 1206 potuerint

10 1223 170 1284 (scemam
196 1218 443 1296 significationem
469 1219 579 1292 facere,
610 1221 681 1277 tunc
707 1219 815 1278 habeat
840 1222 873 1278 in
893 1216 897 1298 Ι
919 1222 1067 1296 superiore

52 1312 144 1386 parte
162 1308 296 1366 canalem
313 1308 436 1384 longum
454 1307 543 1383 pedes
562 1326 582 1366 v
598 1309 693 1365 latum
707 1309 834 1385 digitum
848 1309 943 1366 altum
956 1311 1067 1384 sesqui-

52 1398 188 1474 digitum
219 1414 311 1471 eoque
343 1415 421 1471 aqua
453 1395 641 1470 infundatur,
674 1400 704 1455 et
736 1397 761 1455 si
794 1398 959 1472 aequaliter
990 1418 1067 1473 aqua

52 1486 170 1546 canalis
194 1504 309 1544 summa
331 1484 414 1542 labra
437 1487 553 1561 tanget,
582 1487 691 1544 scietur
714 1504 776 1544 esse
799 1486 949 1544 libratum.
995 1489 1068 1545 item

10 1596 39 1636 15
53 1595 90 1634 eo
115 1573 274 1634 chorobate
297 1591 364 1631 cum
385 1573 580 1648 perlibratum
602 1575 646 1631 ita
668 1575 768 1649 fuerit,
791 1575 900 1634 scietur
923 1578 1067 1651 quantum

52 1664 197 1722 habuerit
216 1663 338 1738 fastigii.
369 1662 496 1720 fortasse
515 1663 567 1737 qui
584 1662 769 1722 Archimedis
788 1664 879 1724 libros
896 1665 971 1742 legit
989 1666 1068 1723 dicet
1086 1677 1102 1724 3

10 1767 116 1813 iotnon
142 1743 147 1830 1
171 1769 257 1827 posse
288 1750 353 1809 fieri
383 1770 484 1808 veram
516 1771 550 1808 ex
582 1771 659 1826 aqua
690 1752 892 1828 librationem,
929 1754 1008 1829 quod
1040 1755 1067 1812 ei

53 1843 157 1918 placet
189 1858 296 1914 aquam
321 1859 381 1898 non
410 1857 472 1898 esse
498 1839 638 1898 libratam
666 1842 717 1900 sed
744 1843 932 1916 sphaeroides
960 1842 1067 1901 habere

54 1932 176 1990 schema
199 1931 229 1986 et
250 1928 293 1986 ibi
315 1927 422 1986 habere
445 1930 578 1986 centrum
601 1948 659 2004 quo
682 1930 740 1989 loci
761 1931 852 1990 habet
874 1931 953 1990 orbis
975 1934 1067 1990 terra-

10 2039 40 2080 re
53 2040 132 2077 rum.
177 2018 233 2076 hoc
265 2020 377 2092 autem,
409 2018 470 2075 sive
496 2018 586 2092 plana
614 2021 659 2076 est
689 2038 765 2094 aqua
793 2038 844 2078 seu
871 2020 1068 2095 sphaeroideS,

53 2125 175 2167 necesse
208 2108 264 2180 est,
298 2104 335 2162 ad
368 2108 498 2164 extrema
530 2106 629 2181 capita
661 2107 763 2165 dextm
791 2126 824 2165 ac
852 2108 972 2166 sinistra
999 2127 1067 2166 cum

10 2197 167 2256 1⁵)librata
192 2196 297 2271 regula
325 2196 383 2252 erit
404 2196 517 2270 pariter
540 2186 693 2275 sustilnere
716 2197 850 2272 regulam
873 2215 992 2270 aquam,
1021 2198 1067 2254 sin

54 2289 158 2344 autem
184 2283 350 2358 proclinata
378 2283 435 2341 erit
462 2303 497 2341 ex
523 2302 583 2340 una
610 2286 703 2358 parte,
732 2303 790 2358 qua
814 2283 871 2342 erit
894 2284 984 2342 altior
1006 2303 1066 2343 non

53 2375 165 2432 habere
186 2372 307 2448 regulae
330 2373 463 2430 canalem
485 2372 517 2429 in
540 2373 661 2430 summis
684 2372 774 2430 labris
798 2392 913 2447 aquam.
950 2391 1066 2432 necesse

10 2483 40 2524 as
55 2466 102 2522 cst
125 2463 205 2520 enim
228 2479 411 2536 quocumque
435 2480 513 2535 aqua
536 2462 576 2518 sit
598 2461 696 2519 intusa
718 2462 750 2518 in
768 2461 864 2519 medio
883 2460 1067 2520 inflationem

54 2554 305 2624 curvaturamque
328 2549 447 2624 habere,
472 2549 524 2608 sed
546 2549 645 2624 capita
669 2550 770 2608 dextra
790 2569 823 2608 ac
847 2551 966 2608 sinistra
988 2552 1067 2609 inter

130 2690 144 2737 1
169 2683 315 2752 libraquae
334 2682 378 2751 H,
404 2682 476 2755 libra
502 2682 561 2754 tiue
588 2684 613 2738 G
636 2684 691 2753 (scd
711 2683 747 2737 G⁶
769 2700 855 2752 supra
877 2702 905 2752 q,
919 2711 952 2729 =
967 2687 1039 2752 que).

55 2765 71 2811 2
91 2753 197 2826 viginti
214 2755 257 2808 H:
276 2773 312 2806 xx
331 2755 364 2808 G.
392 2755 413 2822 11’
429 2759 444 2805 3
464 2753 577 2821 aequali
595 2754 678 2807 modo
697 2753 740 2807 H:
759 2753 885 2822 aequalis
898 2754 901 2825 1
913 2755 990 2809 modi
1006 2757 1038 2811 G.

55 2835 73 2882 4
93 2827 306 2896 coagmentatus
326 2825 364 2878 H.
378 2827 418 2894 115
438 2826 574 2893 conpacta
591 2825 628 2878 G:
648 2826 799 2894 conpactat
815 2825 853 2880 H.
868 2827 907 2894 117
926 2825 1066 2895 partibus:

54 2901 120 2967 fort.
140 2899 158 2952 t.
177 2895 304 3019 pedibus.
319 2897 358 2965 118
378 2911 484 2963 eaquae
503 2897 548 2965 (aa
566 2913 620 2965 que
637 2896 673 2965 G)
691 2897 843 2965 tangentur
861 2897 1014 2966 alaeque
1034 2914 1067 2951 ac

53 2968 164 3040 pariter
194 3008 199 3020 .
215 2966 259 3021 H:
278 2983 349 3038 eque
369 2968 450 3039 (aque
465 2966 512 3035 6⁰)
531 2965 637 3034 pariter
655 2982 689 3019 ac
707 2965 725 3020 l.
747 2967 780 3021 G.
803 2969 813 3036 11
836 2972 851 3019 9
871 2967 1066 3037 descriptionis

56 3041 96 3096 G:
116 3054 178 3092 -uer
192 3038 231 3091 H.
250 3039 259 3105 11
279 3041 311 3090 12
327 3056 360 3092 v:
378 3039 418 3091 sic
435 3054 463 3091 a.
483 3039 493 3105 11
514 3042 548 3089 14
567 3036 641 3090 libra
658 3055 684 3090 a.
703 3037 707 3107 1
723 3036 765 3090 ita
783 3054 810 3091 a.
825 3039 834 3106 11
849 3043 882 3091 18
900 3038 1066 3107 phaeroides

55 3108 217 3182 (pheroider
233 3109 270 3174 G)
283 3125 304 3162 a
316 3109 373 3178 (sed
386 3109 423 3160 G⁶
441 3107 602 3177 spheroides
616 3114 642 3162 ct
655 3109 733 3175 infra
746 3125 770 3163 o.
785 3111 821 3162 13
835 3108 996 3178 spheroides
1009 3111 1047 3178 a).
1061 3108 1066 3180 1

55 3182 163 3237 habere
182 3179 225 3234 H:
253 3178 352 3233 haberi
376 3179 410 3234 G.
442 3180 452 3247 11
484 3184 517 3231 19
546 3178 658 3232 schema
686 3181 789 3249 (scema
808 3180 844 3248 G)
873 3180 922 3232 scd
949 3178 990 3232 ibi
1012 3197 1039 3234 a.
1058 3179 1067 3251 11

56 3259 89 3307 21
108 3265 224 3306 neeesse
243 3252 286 3303 cst
305 3251 428 3304 extrema
446 3267 473 3304 a.
498 3250 501 3320 1
525 3249 624 3303 dextra
643 3266 676 3302 ac
695 3248 808 3303 sinistra
827 3267 890 3304 cum
907 3249 1013 3304 librata
1028 3250 1066 3305 G:

56 3343 107 3380 cra.
126 3322 171 3390 H,
192 3322 242 3375 abi
263 3322 303 3376 sic
326 3323 450 3375 extrema
470 3319 567 3389 capita
584 3319 683 3390 regula
702 3320 762 3376 erit.
790 3323 800 3390 11
827 3326 860 3374 23
879 3321 1067 3391 proclinatum

57 3395 205 3465 11116131.
226 3394 230 3460 1
251 3408 323 3459 quac
342 3391 396 3445 erit
414 3390 499 3445 altior
516 3408 572 3444 non
590 3390 723 3444 habuerit
740 3391 854 3460 regulae
873 3391 1000 3446 canalem
1016 3410 1043 3447 x.
1058 3392 1067 3464 11

57 3472 92 3520 24
111 3462 393 3534 aquamnecessclc
413 3462 486 3516 enim
508 3462 545 3516 G:
570 3479 673 3530 aquam
695 3478 811 3516 nenesse
834 3465 894 3532 (sie,
917 3465 990 3518 uada
1011 3480 1068 3517 non

57 3553 119 3592 esse
137 3537 177 3592 cel
194 3540 230 3590 aa
244 3534 318 3604 PL).
357 3535 400 3587 est
417 3532 491 3586 enim
511 3534 549 3588 H
