2416 3922
338 159 386 213 DE
405 157 686 217 ARCHITECTURA
703 159 770 214 LIB.
790 159 836 228 IV,
856 167 872 213 3
1069 161 1110 224 91

91 309 243 377 faciunda.
289 328 379 384 supra
403 310 624 386 triglyphorum
652 311 782 385 capitula
806 329 914 371 corona
942 315 987 377 est
1014 313 1112 370 conlo-

48 398 190 468 2⁰)oanda
212 399 245 459 in
267 390 446 480 productura
468 399 608 459 dimidiae
637 403 667 458 ot
689 403 788 459 sextae
811 402 905 475 partis
928 400 1043 470 hahens
1063 419 1112 476 cy-

91 489 221 557 mhfiflm
250 487 384 555 donnum
413 489 445 546 in
474 489 549 561 illm,
580 489 706 555 alterum
737 490 769 545 in
802 507 925 555 summo⁴
971 491 1014 548 ita
1046 508 1112 549 cum

47 576 77 630 le
91 577 236 652 cymatiis
260 594 371 646 corona
396 594 495 644 crassa
524 571 528 653 Η
558 596 593 646 er
620 578 744 635 dimidia
770 577 892 638 moduli.
938 578 1112 644 dividendae

65 668 196 734 sautem
218 667 288 727 sunt
310 666 345 734 in
366 682 474 732 corona
497 666 558 735 ima
576 665 615 724 ad
632 667 876 741 perpendiculum
893 668 1114 742 triglyphorum

92 757 124 815 et
146 753 260 818 modias
284 756 418 828 metopas
441 755 559 822 viarum
584 755 760 820 directiones
786 758 816 813 ct
838 758 991 832 guttarum
1014 756 1112 826 distri-

91 843 240 915 butiones,
263 844 307 910 ita
329 844 375 902 uti
398 845 500 922 guttae
525 862 575 910 ser
597 845 629 903 in
652 844 882 920 longitudinem,
906 847 967 910 tres
991 846 1022 901 in
1045 846 1112 914 lati·

52 931 231 1000 (etudintm
251 934 383 1006 pateant.
428 932 544 1006 reliqua
567 934 673 1009 spatia,
694 927 698 1009 Η
720 932 799 1008 quod
821 933 942 993 latiores
966 936 1035 997 sunt
1053 953 1112 992 me-

92 1023 183 1109 topae
207 1040 297 1096 qinein
319 1020 476 1096 triglyphi²
496 1040 573 1095 pura
591 1014 801 1095 ¹relinquantur
825 1025 877 1082 aut
894 1022 1020 1092 hilurius
1039 1023 1113 1087 scal·

52 1130 79 1169 ro
91 1111 213 1184 punirer,
236 1109 278 1170 ed·
297 1110 454 1184 ipsumque
477 1112 610 1171 mentum
628 1128 753 1176 coronae
772 1111 920 1174 incidatur
938 1111 1018 1177 linea
1037 1131 1112 1186 quae

92 1200 188 1265 seoda
211 1197 328 1265 dicitur.
373 1198 489 1273 reliqna
513 1199 620 1274 omnia,
644 1200 788 1273 tympana
811 1202 841 1257 et
864 1201 955 1263 simae
979 1218 1112 1274 coronae,

94 1286 345 1362 quemadmodum
359 1305 448 1362 supra
464 1289 607 1362 scriptum
620 1288 711 1348 estin
725 1289 839 1360 ionicis,
857 1289 900 1347 ita
913 1287 1112 1362 perficiantur.

47 1385 84 1436 tw)
163 1367 271 1456 lHnec
297 1376 375 1434 ratio
402 1377 434 1435 in
462 1376 600 1450 operibus
627 1376 764 1452 diastylis
788 1378 844 1439 erit
871 1378 1041 1446 constituta.
1088 1378 1148 1435 sir

93 1483 164 1532 perc
184 1465 321 1540 systylon
339 1467 369 1522 et
386 1465 650 1540 monotriglyphon
668 1484 742 1540 opus
762 1467 819 1524 erit
832 1465 1014 1540 faciundum,
1031 1466 1112 1529 frons

59 1572 82 1612 15
96 1553 194 1626 aedis,
226 1555 254 1615 si
274 1554 449 1629 tetrastylos
471 1555 539 1630 erit,
572 1554 724 1614 dividatur
746 1555 777 1611 in
804 1557 1055 1629 pertentans,
1088 1557 1114 1612 si

95 1641 267 1717 hexastylos
291 1643 356 1716 erit,
378 1642 529 1712 dividatur
551 1644 583 1711 in
605 1646 706 1718 partes
729 1662 838 1704 xxvnn
852 1661 877 1701 s.
918 1663 953 1704 ex
976 1643 1021 1710 his
1043 1663 1113 1718 pars

92 1750 153 1800 une
186 1731 243 1798 erit
274 1729 425 1804 modulus,
458 1731 496 1800 ad
524 1750 612 1806 quem
638 1733 684 1803 uti
711 1750 800 1807 supra
828 1734 971 1807 scripturn
998 1735 1043 1791 est
1069 1733 1113 1790 di-

47 1819 224 1889 (redictum
268 1821 312 1883 ita
332 1813 336 1897 Η
357 1838 447 1894 supra
475 1820 593 1896 singula
616 1821 755 1896 epistylia
783 1824 813 1879 et
841 1824 977 1896 metopae
1005 1824 1035 1885 et
1061 1823 1149 1879 tri-8

93 1909 200 1985 glyphi
222 1908 286 1972 bini
309 1911 396 1976 erunt
418 1908 605 1982 conlocandi,
632 1911 664 1970 in
694 1909 884 1986 angularibus
907 1910 963 1970 hoc
986 1911 1113 1985 amphus

58 2017 82 2056 so
95 1997 270 2066 dimidiatus
289 1999 319 2063 et
333 1999 479 2072 quantum
496 1999 542 2056 est
560 1999 691 2073 spatium
703 1999 929 2075 hemitriglyphi
942 1998 974 2056 id
993 1999 1114 2059 accedit.

95 2087 126 2145 in
150 2085 288 2152 mediano
312 2089 416 2157 coptra
438 2088 593 2162 fastigium
615 2088 707 2157 trium
729 2088 949 2162 triglyphorum
972 2089 1002 2148 et
1023 2089 1115 2154 trium

96 2178 285 2250 metoparum
308 2176 438 2250 spatium
465 2175 602 2249 distabit,
631 2195 689 2250 quo
715 2177 805 2245 letius
832 2175 963 2234 medium
989 2177 1114 2237 interco-

47 2265 246 2333 l20lluinnium
269 2263 473 2333 accedentibus
502 2264 540 2334 ad
565 2259 568 2342 Η
594 2264 696 2331 aedem
723 2263 832 2331 haheet
857 2263 1058 2335 laxamentum
1086 2268 1116 2322 et

98 2353 240 2419 adrerms
264 2353 422 2417 simulacra
444 2351 566 2421 deorum
590 2357 725 2429 aspectus
748 2352 933 2429 dignitatem.

172 2509 188 2556 2
208 2501 344 2557 dimidiae
363 2505 402 2626 Ηρ
422 2503 455 2572 S)
480 2505 509 2556 et
532 2505 628 2556 sextae
653 2507 680 2573 (p
700 2503 733 2572 S)
755 2506 837 2626 parte
856 2503 889 2556 H
892 2503 925 2570 S,
947 2501 1063 2574 dimidip
1087 2505 1116 2556 et

100 2576 182 2629 sexta
195 2576 276 2644 perte
292 2575 327 2630 θ.
345 2574 349 2645 Η
386 2573 473 2627 abens
487 2606 522 2615 -
537 2577 574 2642 (b)
588 2573 759 2643 perpendicu
771 2591 832 2628 um:
851 2573 916 2628 hoec
929 2576 1020 2629 cadem
1034 2576 1115 2629 verbo

99 2652 225 2716 repetierit
246 2647 326 2711 infra
341 2651 405 2715 post
423 2647 478 2714 (21)
497 2644 527 2697 in
549 2643 680 2698 mediano
699 2663 726 2699 cc.
757 2647 766 2715 Η
795 2644 884 2699 sita:
907 2644 977 2699 item
995 2647 1043 2715 (ri)
1061 2663 1088 2700 c.
1107 2646 1116 2715 Η

99 2722 116 2773 4
135 2715 257 2778 anduh:
280 2717 330 2776 hoc
347 2719 426 2783 intre
443 2718 476 2771 in
493 2733 549 2784 rep.
568 2733 618 2770 om.
638 2716 696 2770 Hs
716 2719 782 2784 (non
803 2717 847 2784 G).
875 2718 886 2784 Η
912 2721 928 2769 5
947 2733 1050 2779 corona
1068 2718 1117 2784 (sic

99 2789 181 2855 infru
198 2805 251 2866 rep
284 2804 315 2842 n:
336 2789 399 2862 (hic)
419 2785 549 2841 columne
567 2789 620 2857 ωΗ
637 2792 653 2840 6
673 2786 727 2855 de(
748 2786 965 2857 spectionem.
987 2789 996 2858 Η
1018 2794 1031 2840 7
1050 2787 1115 2842 lati-

99 2856 230 2912 tudinem
281 2858 361 2913 068:
388 2856 568 2912 altitudinem
588 2864 652 2911 ante
671 2859 743 2928 (ips.)
762 2875 829 2913 corr.
845 2858 884 2912 Η.
907 2864 916 2925 Η
939 2864 954 2912 8
974 2857 1049 2926 quod
1067 2858 1116 2928 (qd

93 2947 209 3016 MS:
229 2963 283 3014 quo
302 2946 336 3001 G.
358 2951 362 3012 Ι
385 2949 450 2999 sunt
469 2945 545 3000 68⁶:
564 2945 669 3000 sintH
685 2953 710 3001 et
729 2933 803 3016 (lint)
822 2947 848 3002 S.
873 2948 882 3015 ΙΙ
905 2944 1116 3016 §illuminant

93 3023 127 3071 10
147 3016 310 3070 incidantur
327 3033 354 3070 u.
372 3023 376 3077 Ι
392 3016 463 3070 linia
482 3016 514 3069 H
519 3016 545 3071 S.
560 3019 569 3086 Η
585 3022 616 3068 11
636 3020 665 3070 et
684 3017 771 3071 simae
786 3021 910 3086 (coronae
925 3021 959 3083 cf.
970 3036 1001 3086 p.
1016 3021 1064 3083 82,
1074 3020 1114 3085 6):

91 3092 122 3143 et
141 3088 217 3141 imae
236 3090 262 3157 (e
278 3089 312 3155 G,
333 3105 348 3160 e
368 3087 451 3152 86⁰).
466 3089 475 3156 ΗΗ
491 3093 526 3139 12
545 3087 726 3156 perficiantur
746 3090 784 3144 G:
804 3090 880 3141 -atur
899 3089 962 3142 HS.
977 3091 986 3157 ΗΗ
1001 3092 1034 3140 13
1055 3087 1115 3140 dia-

93 3159 162 3228 styti
182 3158 267 3228 ediis
285 3177 313 3217 r.
346 3160 356 3228 ΙΗ
388 3164 421 3212 15
441 3157 585 3226 tetrarty(i
605 3157 670 3226 G)lo
694 3176 721 3213 rc.
752 3162 757 3225 Η
786 3177 855 3212 xv111
892 3178 1032 3213 ..rrum
1050 3176 1077 3212 x.
1106 3157 1115 3229 ΗΗ

92 3237 125 3284 17
137 3229 331 3291 dividanturx
340 3233 419 3298 (corr.
437 3231 555 3299 Ussing).
570 3229 580 3298 Η
595 3234 627 3283 18
637 3229 807 3298 metophaor.
823 3232 832 3299 ΗΗ
847 3235 880 3296 19
891 3229 1014 3298 amplius
1024 3246 1113 3297 quan-

88 3305 152 3364 tum
171 3300 351 3382 dimidiatum
369 3303 413 3359 est
427 3304 452 3369 (e
469 3300 535 3368 GS)
550 3299 674 3370 spatium
686 3318 714 3355 a.
729 3303 739 3370 Η
758 3305 790 3358 21
806 3300 836 3354 in
855 3300 986 3363 mediano
1005 3300 1113 3357 habens

89 3372 675 3584 wael
744 3389 812 3511 ar
829 3370 1117 3512 rescisse-l

101 3532 159 3570 non
249 3557 254 3566 .
