2416 3922
74 113 116 176 36
496 111 661 167 VITRUVII

140 263 227 322 Nunc
249 265 383 321 revertar
407 262 444 320 ad
467 263 652 338 propositum
676 262 764 321 etde
788 262 880 338 copiis
899 281 977 338 quae
997 265 1087 339 aptae

77 345 163 434 ‚sunt
181 351 383 410 aedificiorum
401 351 640 427 perfectionibus,
660 351 909 427 quemadmodum
926 351 1125 413 videanturd)

75 460 137 499 esse
170 441 207 499 ab
239 443 349 499 natura
376 459 476 498 rerum
502 443 674 516 procreatae
700 441 865 516 quibusque
892 440 1087 500 mixtionibus

74 529 288 605 principiorum
311 547 483 606 congressus
507 532 717 605 temperentur,
739 548 776 587 ne
800 529 924 588 obscura
947 529 999 588 sed
1021 549 1088 605 per-

75 619 177 694 spicua
199 617 367 695 legentibus
391 617 451 676 sint
473 617 680 678 ratiocinabor.
726 637 854 693 namque
882 618 968 676 nulla
992 621 1114 678 mate-s

74 707 187 765 riarum
209 726 318 783 genera
340 725 436 781 neque
460 724 584 782 corpora
605 726 703 782 neque
726 725 772 765 res
791 707 854 765 sine
872 706 1089 782 principiorum

76 799 163 854 coetu
186 787 276 876 nalsci
298 814 394 870 neque
417 795 511 854 subici
534 795 699 854 intellectui
722 797 855 871 possunt,
876 815 975 870 neque
999 796 1137 858 aliterue
1186 830 1190 835 ·

75 888 184 943 natura
206 904 305 942 rerum
327 884 493 959 praeceptis
515 884 707 960 physicorum
728 902 814 943 veras
841 884 956 958 patitur
978 885 1089 944 habere
1186 874 1190 943 ξ

76 973 296 1048 explicationes,
319 972 378 1031 nisi
401 991 506 1031 causae
531 991 607 1048 quae
629 973 732 1031 insunt
753 972 785 1030 in
807 972 853 1031 his
876 973 964 1031 rebus
987 991 1089 1048 quem·
1187 950 1191 1033 i

76 1061 235 1120 admodum
262 1063 293 1120 et
321 1060 392 1136 quid
419 1061 463 1120 ita
491 1061 551 1120 sint
579 1061 737 1120 subtilibus
764 1061 929 1120 rationibus
956 1062 1089 1121 habeant
1102 1081 1130 1121 io·
1188 1036 1192 1139 i

77 1150 349 1210 demonstrationes.
1188 1148 1192 1191 ¹

36 1249 63 1302 Π
145 1232 268 1318 {Thales
295 1239 425 1315 primum
453 1257 564 1314 aquam
585 1239 705 1314 putarit
735 1239 866 1298 omnium
895 1258 996 1296 rerum
1024 1247 1138 1300 essel1⁵
1187 1194 1192 1265 Ι

75 1328 261 1404 principium.
298 1327 468 1385 Heraclitus
486 1327 642 1402 Ephesius,
666 1327 717 1402 qui
734 1329 858 1403 propter
876 1327 1091 1386 obscuritatem

77 1417 254 1492 scriptorum
273 1434 291 1473 a
310 1414 429 1474 Graecis
449 1431 607 1474 (κοτεινοε
627 1418 672 1474 est
691 1416 869 1492 appellatus,
886 1415 995 1492 ignem.
1031 1417 1090 1474 De·

75 1505 217 1563 mocritus
246 1504 357 1579 quique
386 1506 431 1561 est
453 1522 521 1562 eum
544 1506 660 1562 secutus
684 1504 831 1580 Epicurus
855 1506 983 1578 atomos,
1013 1524 1090 1581 quas
1104 1522 1129 1564 ιε

76 1593 171 1652 nostn'
193 1591 366 1650 insecabilia
388 1610 519 1667 corpora,
542 1593 677 1651 nonnulli
700 1593 855 1652 individua
873 1594 1090 1654 vocitaverunt

76 1672 342 1763 Pythalgoreorum
360 1698 429 1739 vero
449 1680 607 1756 disciplina
628 1681 737 1740 adiecit
755 1681 793 1739 ad
812 1701 923 1757 aquam
941 1685 972 1740 et
989 1681 1092 1760 ignem
1101 1691 1140 1745 (Ν)

77 1789 147 1828 aera
175 1773 205 1828 et
231 1773 389 1827 terrenum.
436 1788 505 1846 ergo
528 1769 715 1829 Democritus
739 1770 795 1829 etsi
817 1789 878 1830 non
899 1771 1020 1846 proprie
1043 1789 1092 1831 res

77 1858 244 1918 nominavit
270 1858 322 1916 sed
349 1860 468 1916 tantum
494 1858 649 1918 individua
676 1877 800 1934 corpora
826 1859 994 1934 proposuit,
1022 1859 1091 1920 ideo

78 1967 114 2006 ea
139 1947 207 2022 ipsa
234 1946 341 2005 dixisse
364 1946 482 2006 videtur
505 1947 584 2022 quod
612 1966 648 2006 ea
675 1966 743 2006 cum
770 1948 831 2006 sint
858 1947 1006 2006 disiuncta
1033 1967 1090 2008 nec
1103 1967 1129 2007 xo

77 2035 238 2094 laeduntur
260 2054 314 2094 nec
336 2034 538 2094 interitionem
561 2035 708 2112 recipiunt
730 2054 784 2094 nec
807 2035 985 2096 sectionibus
1016 2036 1091 2096 divi·

79 2125 189 2183 duntur
203 2125 254 2183 sed
274 2119 278 2203 l
298 2124 478 2199 sempiterno
493 2143 566 2183 aevo
582 2128 725 2200 perpetuo
743 2124 893 2184 infinitam
910 2125 1043 2184 retinent
1059 2125 1141 2185 incia

44 2231 109 2279 ase
133 2214 323 2272 soliditatem.
365 2232 401 2270 ex
423 2213 469 2272 bis
494 2231 562 2290 ergo
582 2213 814 2290 congruentibus
838 2232 906 2272 cum
923 2232 969 2271 res
990 2232 1092 2274 omnes

80 2303 157 2362 coire
175 2302 317 2377 nascique
330 2301 488 2360 videantur
506 2303 540 2360 ut
558 2320 611 2360 eae
629 2302 661 2360 in
678 2301 802 2361 infinitis
822 2301 977 2378 generibus
991 2322 1093 2362 rerum

79 2394 189 2450 natura
212 2392 310 2449 essent
333 2390 516 2465 disparatae,
542 2390 648 2466 putavi
672 2394 808 2466 oportere
836 2390 871 2448 de
894 2390 1093 2451 varietatibus
1106 2409 1131 2452 as

81 2483 111 2538 et
134 2478 353 2537 discriminibus
374 2497 446 2537 usus
466 2498 567 2537 earum
586 2498 719 2554 quasque
737 2478 881 2538 haberent
898 2479 931 2536 in
949 2479 1092 2540 aedificiis

80 2568 241 2643 qualitates
266 2585 418 2641 exponere,
440 2562 443 2644 l
464 2567 510 2626 uti
533 2586 601 2626 cum
623 2568 735 2626 fuerint
756 2570 855 2642 notae,
877 2587 938 2627 non
960 2568 1142 2632 habeantur

81 2656 134 2731 qui
151 2655 306 2714 aedificare
325 2655 459 2732 cogitant
482 2675 618 2732 errorem,
641 2657 694 2715 sed
716 2658 802 2731 aptas
826 2657 864 2714 ad
881 2675 968 2715 usum
991 2657 1093 2733 copias
1163 2729 1165 2733 y

82 2743 223 2802 aedificiis
247 2746 425 2818 comparent.

28 2842 68 2896 ΙΠ
147 2833 255 2908 Itaque
282 2832 412 2907 primum
440 2832 475 2889 de
502 2832 660 2908 lateribus,
690 2852 751 2909 qua
779 2833 814 2891 de
841 2835 922 2892 terra
950 2833 1020 2893 duci
1043 2853 1093 2894 eos
1106 2859 1132 2900 sc

154 3077 169 3125 2
189 3049 246 3126 elne
260 3072 298 3126 H.
319 3074 328 3141 q
349 3076 366 3123 4
384 3087 419 3125 ne
436 3073 473 3127 c:
494 3089 545 3126 nec
560 3073 594 3127 Η
610 3074 655 3141 (ef.
670 3090 701 3142 p.
718 3076 782 3141 rao,
792 3075 829 3143 9),
848 3079 869 3126 a
886 3075 962 3143 (non)
977 3073 1004 3128 s.
1022 3074 1026 3146 q
1044 3075 1094 3129 see

85 3145 117 3196 ut
134 3161 160 3212 p.
177 3143 203 3198 S.
218 3145 227 3212 ss
242 3149 274 3196 12
292 3141 374 3196 Tales
393 3160 419 3197 cc.
434 3145 444 3213 i
459 3149 492 3196 14
511 3143 632 3198 scotinus
651 3161 678 3198 x.
693 3146 702 3214 ll
717 3149 749 3197 16
769 3143 872 3213 quique
886 3145 921 3198 Η
925 3145 962 3200 G:
982 3162 1093 3215 quoque

83 3214 174 3283 S(G⁶).
199 3216 202 3283 Ι
225 3231 295 3282 quos
313 3231 340 3268 c.
363 3214 373 3283 ll
397 3219 429 3266 17
448 3214 562 3284 pythari
580 3232 676 3269 eorum
689 3215 734 3282 H,
756 3214 926 3284 pythareoru
942 3217 977 3284 G,
998 3216 1095 3286 phita-

83 3289 201 3353 goreorfi
215 3285 238 3340 S
253 3283 470 3354 (pythagoreoru
486 3286 542 3357 G0).
563 3289 573 3357 ll
594 3291 626 3340 18
642 3301 709 3339 aera
723 3287 762 3341 G:
782 3303 864 3341 aerea
878 3286 913 3340 H
915 3286 942 3342 S.
961 3289 971 3357 ΙΙ
989 3293 1023 3341 20
1042 3304 1094 3343 nec

83 3389 215 3459 leguntur
229 3392 263 3445 H
266 3392 301 3460 G,
319 3390 506 3461 negleguntur
520 3391 612 3463 ΜΨ),
626 3393 636 3462 ΔΙ
650 3396 684 3445 24
702 3393 735 3446 ut
753 3409 815 3448 eae:
835 3394 864 3447 et
879 3359 950 3460 dicae
965 3393 1009 3463 H,
1028 3394 1094 3468 ethe

86 3461 120 3528 G,
139 3460 162 3514 dc
179 3461 215 3536 bq
231 3462 257 3517 S.
276 3464 285 3531 ΙΙ
304 3467 337 3516 29
357 3465 522 3533 copararent
536 3463 563 3519 S.
