2416 3922
98 127 162 190 194
482 152 483 155 “
517 125 682 180 VITRUVII

96 278 205 354 quibus
237 277 383 350 nascitur,
415 294 501 334 sucus
526 271 530 354 Ι
555 275 657 336 subest
688 276 808 354 coaguli
838 279 965 336 naturae
993 277 1150 354 similiadll

97 366 201 425 deinde
229 384 295 424 cum
322 365 480 423 commixta
502 365 548 424 vis
572 364 722 441 egreditur
743 384 798 442 per
819 365 917 425 fontes
941 368 1027 425 extra
1049 369 1106 427 ter·

95 475 168 530 ram,
192 475 209 512 a
232 455 302 513 solis
326 456 356 511 et
379 454 454 512 aeris
477 455 574 512 calore
597 455 714 530 cogitur
731 455 890 531 congelari,
913 457 948 513 ut
967 456 1060 514 etiam
1075 457 1106 516 in

45 559 76 606 11
98 545 172 603 areis
197 543 357 601 salinarum
378 542 504 601 videtur.
545 543 618 601 item
641 545 710 600 sunt
733 562 768 601 ex
791 562 892 602 amaro
916 562 987 603 suco
1009 547 1107 604 terrae

97 635 193 691 fontes
218 635 355 690 exeuntes
378 632 566 690 vehementer
589 633 690 705 amari,
712 634 747 689 ut
769 632 801 690 in
818 632 915 691 Ponto
934 635 981 692 est
998 633 1130 693 flumens

96 721 242 797 Hypanis.
286 722 312 779 is
343 740 360 778 a
389 721 485 795 capite
515 720 637 795 profluit
665 711 791 802 circilter
819 721 904 779 milia
930 740 972 779 xa
1002 731 1150 799 sarraca

96 811 282 883 dulcissimo,
313 809 418 867 deinde
450 827 517 866 curn
547 809 682 884 pervenit
710 807 748 867 ad
773 809 871 868 locum
891 806 895 889 Ι
917 810 971 886 qui
998 815 1045 870 est
1071 809 1158 873 ablat

98 900 174 958 ostio
199 898 236 956 ad
258 899 341 955 milia
365 914 433 971 cnr,
456 897 634 956 admiscetur
657 898 685 956 ei
706 898 867 957 fonticulus
886 898 998 975 oppido
1019 919 1106 976 quam

94 988 244 1064 parvulus.
289 988 315 1045 is
343 1006 409 1044 cum
435 987 467 1043 in
496 1006 562 1044 eum
584 986 697 1059 influit,
722 989 793 1045 tunc
814 990 932 1046 tantam
954 991 1106 1066 magnitu-

94 1076 193 1135 dinem
218 1076 348 1133 fluminis
379 1076 452 1133 facit
483 1094 626 1149 amaram,
657 1075 723 1133 ideo
757 1076 835 1151 quod
866 1095 920 1152 per
949 1077 981 1134 id
1009 1096 1102 1154 genus
1115 1096 1139 1136 ro

94 1169 190 1225 terrae
209 1168 239 1223 et
256 1182 346 1224 venas
365 1163 442 1222 unde
460 1164 652 1222 sandaracam
669 1164 786 1222 fodiunt
805 1185 840 1223 ea
859 1184 937 1240 aqua
955 1167 1104 1226 manando

94 1245 255 1335 perficiltur
277 1273 385 1311 amara.
1113 1264 1139 1316 (o)

43 1359 76 1406 12
161 1342 243 1401 Haec
275 1345 374 1400 autom
401 1340 593 1400 dissimilibus
621 1340 776 1417 saporibus
804 1361 822 1400 a
848 1346 945 1402 terrae
973 1345 1105 1420 proprie

95 1435 158 1490 tate
203 1431 381 1505 erfioiuntur,
404 1431 449 1487 uti
472 1431 562 1489 etiam
584 1430 616 1487 in
639 1430 783 1489 fructibus
806 1431 931 1491 videtur.
978 1434 1005 1491 si
1029 1433 1106 1492 enim

95 1452 208 1578 radidds
234 1518 371 1577 arborum
394 1520 446 1576 aut
468 1520 575 1577 vitium
599 1521 651 1576 aut
673 1519 855 1594 reliquorum
877 1520 1025 1580 seminum
1048 1537 1139 1581 nona

96 1628 130 1667 ex
157 1612 253 1667 terrae
280 1606 511 1682 proprietatibus
539 1625 642 1665 sucum
669 1607 811 1683 capiendo
839 1608 960 1667 ederent
982 1611 1105 1686 fructus,

98 1715 156 1754 uno
176 1715 281 1772 genere
302 1690 306 1772 Ι
327 1697 424 1754 essent
441 1696 473 1752 in
491 1696 625 1755 omnibus
643 1697 717 1755 locis
735 1700 765 1755 et
782 1697 952 1774 regionibus
972 1701 1147 1759 omniumoo

95 1803 223 1860 sapores.
267 1784 318 1842 sed
341 1783 601 1843 animadvertimus
625 1786 722 1843 insula
745 1785 839 1844 Lesbo
862 1787 967 1845 vinum
989 1791 1104 1863 protro

95 1893 180 1949 pum,
207 1873 344 1931 Maeonia
367 1873 789 1950 catacecaumenitemLydia
811 1875 975 1950 Tmoliten,
1003 1877 1104 1937 Sicilia

94 1962 316 2038 Mamertinum,
349 1960 510 2038 Campania
541 1961 712 2038 Falernum,
744 1965 822 2021 inter
853 1964 1046 2025 Terracinam
1076 1968 1137 2025 etro

95 2051 215 2110 Fundos
239 2049 405 2110 Caecubum
432 2050 611 2126 reliquisque
639 2052 711 2110 locis
738 2052 872 2127 pluribus
895 2054 1105 2114 innumerabili

94 2131 285 2199 multitudine
308 2159 416 2217 genera
437 2141 500 2198 vini
520 2135 524 2218 Ι
544 2141 728 2215 virtutesque
750 2142 907 2216 procreari.
945 2161 1023 2218 qnae
1046 2149 1146 2204 norbo

96 2230 182 2287 aliter
208 2231 335 2305 possunt
360 2228 424 2286 fieri
451 2229 510 2286 nisi
533 2247 601 2286 cum
623 2231 756 2288 terrenus
779 2249 864 2289 umor
886 2232 949 2289 suis
972 2234 1103 2308 proprie·

94 2318 206 2377 tatibus
230 2319 344 2394 saporis
366 2319 398 2375 in
419 2317 567 2376 radicibus
590 2319 705 2376 infusus
728 2319 839 2377 enutrit
860 2321 1028 2395 materiam,
1052 2341 1104 2397 per

96 2427 185 2482 quarn
213 2407 364 2483 egrediens
393 2406 430 2463 ad
458 2424 597 2464 cacumen
622 2407 784 2482 profundat
810 2409 966 2481 proprium
993 2410 1053 2470 loci
1075 2413 1135 2469 etas

41 2509 75 2557 13
96 2497 210 2570 generis
233 2497 279 2555 sui
301 2496 414 2554 fructus
438 2513 580 2570 saporem.
618 2495 723 2570 quodsi
744 2498 825 2554 terra
845 2497 1003 2573 generibus
1021 2519 1101 2559 uino

93 2601 162 2640 rum
180 2603 239 2642 non
257 2586 334 2642 esset
352 2583 502 2642 dissimilis
522 2586 551 2642 et
569 2575 737 2665 dispalrata
756 2604 815 2643 non
833 2586 951 2644 tantum
970 2588 1003 2645 in
1018 2585 1101 2663 Syria
1108 2592 1144 2643 (²⁰)

95 2673 125 2729 et
147 2671 258 2730 Arabia
289 2674 320 2730 in
353 2671 566 2730 harundinibus
599 2675 628 2731 et
659 2674 755 2732 iuncis
782 2673 938 2749 herbisque
967 2676 1101 2735 omnibus

167 2822 302 2892 lquibus
320 2825 343 2894 (l
361 2839 417 2891 qua
431 2823 471 2892 bl)
488 2822 513 2876 is
531 2823 656 2877 nascitur
673 2842 700 2878 a.
728 2826 738 2894 Ι
765 2824 877 2878 toalor
895 2824 933 2878 Η.
962 2827 972 2895 ΙΙ
999 2825 1100 2880 4sali-

94 2910 194 2948 narum
212 2896 261 2964 Ι-ὀ)
275 2895 343 2950 Hs:
363 2893 424 2948 -riis
439 2895 506 2949 EG.
530 2896 539 2963 ΙΙ
563 2900 578 2947 6
597 2894 709 2964 hipanis
728 2895 859 2965 HS(G⁶):
877 2894 992 2964 inpanis
1006 2897 1074 2954 Eo.
1094 2896 1099 2969 Ι

94 2964 119 3018 is
137 2982 187 3022 om.
203 2982 231 3019 c.
257 2967 261 3037 Ι
286 2984 320 3018 xa
335 3008 341 3020 .
357 3007 363 3020 .
379 3008 384 3018 .
401 2983 451 3017 ccx
469 2967 528 3034 (sic)
547 2983 568 3020 c
586 2968 642 3035 (aad
659 2967 694 3033 cf.
711 2966 813 3021 Herod.
827 2967 920 3036 452).
949 2969 958 3037 ΙΙ
986 2969 1102 3023 ecana

93 3036 290 3106 magnitudine
304 3036 343 3090 H.
370 3037 380 3104 Ι
408 3041 439 3089 11
459 3053 545 3090 venas
565 3036 664 3092 Hae:
687 3037 804 3091 venaE
820 3039 908 3106 (venae
925 3038 986 3108 Ec).
1011 3041 1016 3109 Ι
1040 3055 1104 3094 san·

95 3124 198 3178 saraca
216 3127 273 3194 (aa
286 3124 358 3194 aa)
376 3123 520 3178 fodiuntur
538 3109 608 3194 (Ιί)
627 3142 654 3180 a.
680 3129 684 3192 ι
710 3141 755 3180 ea:
775 3126 798 3180 a
816 3127 855 3195 (a
871 3127 906 3196 c)
924 3144 952 3181 a.
976 3129 986 3196 Ι
1010 3133 1044 3182 18
1061 3127 1102 3181 n-

95 3195 186 3249 sulam
200 3197 249 3265 (a)
267 3195 366 3250 lesbon
384 3213 411 3251 a.
435 3198 439 3264 Ι
461 3199 605 3265 protyrum
623 3195 777 3251 maloniam
790 3199 841 3266 (a)
859 3198 957 3252 catace
971 3201 1044 3268 (cae
1057 3197 1102 3268 Η)

96 3281 221 3322 caumen.
258 3266 329 3320 Item
346 3265 446 3320 lidiam
466 3267 584 3321 meliton
604 3266 724 3322 siciliam
741 3287 769 3323 a.
783 3271 793 3339 Ι
807 3273 841 3321 20
860 3285 922 3322 carn
942 3268 1040 3324 aniam
1053 3269 1100 3340 (a)

93 3353 120 3391 a.
137 3340 142 3407 Ι
157 3336 328 3391 interraeina
338 3336 421 3407 (inter
434 3337 531 3392 racina
541 3339 577 3409 G)
587 3339 660 3408 &T(et
669 3339 705 3408 G)
718 3339 813 3393 fundis
828 3343 905 3413 cac(e
938 3339 1100 3411 )sibum(·’u)

93 3425 122 3461 rc.
136 3410 146 3478 Ι
159 3414 193 3462 23
207 3407 388 3478 proprietatis
398 3411 428 3463 Ε
433 3408 459 3463 G
472 3409 570 3478 (tibus
585 3411 620 3464 H
622 3409 644 3463 S
648 3410 702 3479 (3⁶).
716 3413 725 3480 Ι
740 3416 773 3464 24
788 3427 901 3479 sapores
915 3428 942 3466 a.
960 3412 964 3483 Ι
981 3411 1099 3467 infusus:

93 3477 133 3532 sit
150 3478 259 3533 infusus
277 3497 304 3534 x.
327 3481 337 3549 ΙΙ
360 3484 393 3533 28
412 3479 515 3536 iuncis:
533 3479 623 3534 uineis
642 3498 669 3534 rc.
