2416 3922
106 182 168 255 aa
519 162 682 218 urnuvn

115 328 203 381 hirrus
226 316 454 395 comparandae,
482 313 673 389 amplioribus
696 314 848 390 tignorum
869 314 1103 391 longitudinibus

99 428 129 467 sc
147 405 388 465 crassitudinibus
407 405 464 463 erit
481 403 625 462 utendum
643 405 673 461 et
691 402 794 461 eadem
811 402 929 462 ratione
947 405 981 462 in
995 422 1103 463 summo

101 494 331 568 titulationibus,
347 496 379 552 in
396 494 457 551 imo
472 493 641 551 sucularum
654 490 869 551 versationibus
884 493 1104 568 expediendum

100 586 146 643 his
168 583 320 661 explicatis
346 582 456 640 antarii
477 575 481 658 Ι
500 581 585 638 funes
610 583 677 638 ante
696 581 756 638 laxi
776 581 978 655 conlocentur,
999 582 1133 641 retina-(⁵)

99 674 166 731 cula
190 690 279 749 super
297 671 432 746 scapulas
451 669 605 728 machinae
622 669 710 746 longe
729 669 933 746 disponantur,
958 673 989 729 et
1007 672 1034 730 si
1050 689 1123 730 none

99 763 155 819 crit
181 760 232 821 ubi
255 759 431 838 religentur,
458 758 521 834 pali
543 759 709 832 resupinati
732 757 923 816 defodiantur
946 762 979 818 et
1001 761 1104 818 choum

64 848 295 909 sfestucatione
323 847 499 920 solidentur,
527 865 586 922 quo
613 847 697 905 fimes
725 847 895 924 alligentur.
942 848 1104 908 trocleam

99 957 212 997 summo
232 937 329 1012 capite
347 936 500 995 machinae
518 934 636 993 rudenti
655 936 851 1011 contineatur,
870 939 902 994 et
920 955 957 994 ex
975 957 1010 997 eo
1028 938 1103 996 funis

98 1026 276 1103 perducatur
304 1025 342 1083 ad
369 1026 471 1100 palum
499 1026 529 1082 et
556 1043 630 1099 quae
652 1019 655 1103 l
676 1026 722 1083 est
747 1024 780 1082 in
806 1025 877 1099 palo
905 1027 1020 1085 troclea
1041 1026 1139 1086 inlice

98 1118 177 1193 gata.
223 1116 299 1173 circa
328 1114 391 1172 eius
415 1112 580 1171 orbiculum
602 1113 681 1172 funis
704 1112 825 1171 indatur
848 1116 879 1172 et
900 1115 1049 1174 referatur
1069 1114 1130 1173 adu

99 1222 164 1263 eam
186 1204 329 1263 trocleam
351 1221 427 1278 quae
451 1202 508 1260 erit
532 1200 569 1259 ad
591 1206 681 1277 caput
703 1202 857 1261 machinae
879 1204 1018 1280 religata.
1054 1203 1101 1262 cir-

99 1312 167 1353 cum
190 1295 290 1350 autem
313 1290 477 1350 orbiculum
500 1290 535 1348 ab
555 1308 669 1350 summo
688 1291 830 1350 traiectus
848 1292 930 1351 funis
950 1292 1102 1352 descendat

100 1385 129 1440 et
158 1380 260 1439 redeat
289 1379 327 1437 ad
357 1381 490 1439 suculam
520 1397 596 1454 quae
626 1383 671 1438 est
700 1379 732 1437 in
758 1380 819 1438 ima
846 1380 987 1440 machina
1007 1381 1100 1458 ibique

99 1470 248 1547 religetur.
276 1468 409 1527 vectibus
428 1471 527 1527 autem
546 1472 647 1527 coacta
662 1469 765 1527 sucula
779 1460 958 1550 versalbitur
972 1473 1002 1529 et
1015 1471 1101 1548 eriget
1107 1478 1136 1530 (re

99 1578 152 1633 per
174 1576 205 1616 se
228 1557 395 1615 machinam
418 1557 480 1615 sine
503 1557 642 1632 periculo.
688 1558 732 1616 ita
755 1558 831 1616 circa
854 1558 1009 1635 dispositis
1031 1560 1127 1618 funi-e

98 1647 153 1705 bus
186 1649 216 1705 et
247 1644 417 1704 retinaculis
448 1645 481 1703 in
512 1647 589 1720 palis
621 1646 810 1706 haerentibus
845 1649 991 1723 ampliore
1021 1647 1099 1706 modo

99 1734 235 1793 machina
259 1734 468 1792 conlocabitur.
504 1736 632 1793 trocleae
655 1738 685 1793 et
703 1735 935 1796 ductariitimes
954 1737 1001 1796 uti
1018 1754 1098 1813 supra

100 1824 242 1898 scriptum
265 1825 310 1882 est
333 1823 535 1898 expediuntur.

65 1924 80 1972 t
167 1911 219 1969 Sin
247 1913 347 1969 autem
373 1912 580 1971 colossicotera
608 1912 853 1988 amplitudinibus
877 1916 908 1972 et
929 1914 1098 1989 ponderibus

102 1992 208 2083 tonora
225 2001 258 2058 in
277 2000 413 2076 operibus
431 2001 551 2076 fuerint,
569 2019 628 2059 non
647 2002 704 2059 erit
721 2002 840 2061 suculae
855 2003 1125 2073 committenduma

100 2089 152 2149 sed
175 2089 422 2165 quemadmodum
445 2090 546 2148 sucula
570 2090 710 2148 cheloniis
733 2092 887 2165 retinetur,
909 2090 954 2150 ita
978 2092 1040 2151 axis
1060 2092 1099 2149 in·

100 2178 237 2237 cludatur
258 2178 368 2236 habens
391 2180 423 2236 in
445 2178 542 2238 medio
565 2181 741 2254 tympanum
764 2181 909 2257 amplum,
934 2180 1016 2256 quod
1035 2199 1097 2238 non·

100 2268 176 2325 nulli
202 2270 299 2326 rotam
327 2267 494 2342 appellant,
521 2265 627 2326 Graeci
654 2270 754 2326 autem
779 2284 925 2342 αμφιεειν
949 2270 1002 2328 alii
1024 2285 1098 2342 περι·

67 2369 82 2415 6
101 2359 210 2429 θηκιον
232 2359 348 2415 vocant.
383 2357 416 2413 in
437 2356 484 2414 his
503 2358 604 2414 autem
620 2357 764 2415 machinis
782 2358 911 2416 trocleae
929 2375 992 2416 non
1009 2357 1099 2417 eodem

102 2444 152 2503 sed
175 2445 234 2503 alio
255 2440 258 2522 Ι
279 2444 365 2503 modo
389 2448 607 2520 comparantur.
652 2445 761 2504 habent
784 2447 862 2504 enim
886 2449 917 2504 et
940 2446 974 2504 in
997 2447 1054 2506 im0
1074 2448 1123 2503 eta

101 2533 133 2589 in
156 2551 269 2592 summo
293 2533 424 2608 duplices
447 2533 563 2592 ordines
587 2533 791 2592 orbiculorum.
836 2535 881 2592 ita
903 2535 986 2594 funis
1009 2535 1098 2594 ducta-

101 2620 163 2678 rius
190 2621 326 2679 traicitur
345 2617 349 2701 Ι
369 2622 402 2679 in
424 2621 571 2681 inferioris
594 2623 722 2681 trocleae
745 2624 879 2682 foramen
902 2623 949 2682 uti
973 2620 1139 2700 aequalest

173 2812 189 2859 2
207 2807 444 2876 grassitudinibus
459 2808 497 2862 H.
514 2811 518 2877 Ι
534 2808 668 2862 utendum
687 2810 704 2877 (.
722 2808 785 2878 (ἴδ’)
803 2809 872 2863 eade
887 2827 915 2864 ec.
929 2813 938 2880 ΙΙ
953 2815 970 2864 3
985 2808 1097 2866 venatio

101 2876 184 2931 nibus
198 2895 225 2932 cc.
242 2877 247 2950 Ι
263 2878 438 2932 saecularum
456 2880 518 2948 (bic)
533 2880 576 2934 H:
595 2882 635 2934 sic
650 2886 676 2934 et
689 2883 799 2947 247,13
813 2880 849 2934 H
860 2882 933 2949 (caca
947 2883 983 2949 P,
996 2881 1097 2947 acal).

101 2950 165 3003 item
180 2949 207 3004 o
215 2966 246 3017 p.
261 2953 358 3017 aran
378 2953 496 3016 asaro.
516 2953 632 3017 247,13.
653 2951 711 3018 sp.
725 2954 840 3018 arara.
855 2950 1098 3020 praeemantur
1133 2968 1136 2973 ·

101 3021 201 3089 abique
214 3037 310 3074 omues.
325 3023 334 3089 u
348 3026 365 3072 4
379 3020 481 3074 anterii
495 3021 522 3075 S.
537 3022 575 3090 116
591 3019 726 3090 religet(&
742 3022 816 3089 G)ur
829 3039 856 3076 a.
871 3024 881 3091 ΙΙ
897 3028 911 3075 7
926 3022 1094 3079 fistucatione

102 3108 129 3145 a.
144 3092 183 3159 118
202 3090 295 3160 capite
314 3095 388 3160 (autc
406 3094 484 3160 corr.)
499 3109 549 3146 om.
567 3092 600 3147 G.
617 3095 620 3161 Ι
636 3092 717 3146 funes
735 3092 896 3163 pducantur
908 3111 936 3149 a.
951 3097 961 3164 ll
976 3101 992 3148 9
1005 3091 1097 3149 troclea

103 3162 148 3230 (H
153 3161 186 3228 G,
205 3178 263 3215 -am
278 3162 312 3230 S)
330 3179 356 3215 x.
381 3164 390 3230 ΙΙ
413 3168 446 3215 10
465 3162 580 3216 indatur
597 3164 631 3217 Η
634 3164 665 3218 S:
684 3163 833 3216 inducatur
848 3164 881 3218 G.
905 3167 915 3234 ΙΙ
940 3171 972 3219 11
992 3164 1097 3235 religate

104 3234 178 3301 (acte
196 3236 276 3299 corr.)
292 3235 324 3285 G.
339 3235 348 3301 ΙΙ
364 3238 396 3284 12
415 3233 452 3285 ad
471 3250 577 3287 summo
591 3252 611 3287 cc
625 3237 652 3303 (a
667 3250 773 3287 summo
790 3234 827 3289 6⁰
841 3261 874 3279 =
889 3236 966 3304 LP).
981 3238 990 3306 ll
1005 3243 1037 3291 14
1048 3249 1097 3288 rer·

105 3302 214 3357 sabitur
232 3303 321 3373 eriget
338 3320 365 3357 a.
380 3305 389 3371 ΙΙ
404 3309 438 3356 18
457 3307 499 3357 est
517 3321 567 3359 om.
583 3305 617 3360 G.
631 3309 640 3373 ΙΙ
656 3310 688 3357 19
707 3304 904 3360 colossicotera
922 3307 974 3376 (H,
992 3300 1096 3362 colossi

104 3376 199 3427 cetera
217 3375 264 3442 S):
292 3372 412 3427 colosico
440 3377 515 3429 terra
542 3378 615 3444 (crate
642 3379 721 3446 corr.)
742 3376 775 3430 Gr.
807 3379 816 3446 ΙΙ
847 3383 881 3430 21
911 3377 1035 3433 chalonis
1051 3370 1096 3442 all

104 3449 138 3497 22
160 3443 256 3498 medin
273 3462 301 3499 ec.
328 3446 338 3514 ΙΙ
365 3450 398 3497 23
423 3445 584 3515 amphieren
603 3446 637 3499 H
640 3448 665 3501 G
684 3448 733 3517 (L,
752 3463 814 3501 -sen
832 3448 881 3516 P),
905 3449 1036 3519 amphion
1052 3446 1094 3513 dl

104 3514 258 3583 peritheoid
276 3533 304 3570 x.
332 3518 341 3585 ΙΙ
368 3521 401 3568 27
420 3515 559 3570 inferioris
575 3518 612 3572 G:
632 3534 690 3570 -res
704 3519 743 3584 H,
761 3517 877 3572 inferius
892 3519 920 3574 S.
