2416 3922
123 140 188 204 130
544 134 710 188 VITRUVII

124 282 129 371 1
146 290 310 349 stituantnr
331 289 363 346 et
383 285 577 362 perficiantur
598 285 631 343 in
652 285 708 344 hoc
726 283 877 344 volumine
897 285 1013 362 scripsi,
1035 284 1168 360 priva-(n)

123 382 223 438 torum
245 379 346 436 autem
368 374 570 434 aedificiorum
596 373 744 432 utilitates
768 376 799 432 et
821 393 924 432 eornm
946 373 1129 450 symmetrias

124 465 294 542 insequenti
315 465 465 524 volumine
487 462 696 522 ratiocinabor.

465 881 598 946 LIBER
621 879 798 947 SEXTUS.

92 1066 106 1113 1
193 1049 364 1124 Aristippus
378 1048 574 1124 philosophus
589 1045 757 1105 Socraticus
773 1047 931 1124 naufragio
946 1065 1015 1105 cum
1028 1047 1152 1107 eiectuss

129 1131 132 1220 1
154 1139 193 1198 ad
219 1137 431 1197 Rhodiensium
463 1137 536 1195 litus
564 1135 822 1194 animadvertisset
849 1135 1031 1213 geometrica
1059 1135 1132 1194 sche-
1123 1144 1171 1196 -uo

126 1231 210 1286 mata
232 1227 389 1302 descripta,
413 1225 623 1285 exclamavisse
647 1224 685 1282 ad
708 1223 831 1283 comites
853 1224 898 1282 ita
921 1223 1033 1283 dicitur
1055 1217 1133 1282 bene

127 1334 287 1393 speremus,
309 1315 462 1374 hominnm
485 1313 564 1372 enim
582 1313 709 1390 vestigia
727 1307 826 1373 video'
849 1311 1045 1389 statimqne
1036 1333 1069 1371 in
1088 1330 1134 1388 op·

127 1406 230 1482 pidum
262 1403 400 1461 Rhodum
432 1402 584 1461 contendit
616 1404 646 1460 et
677 1404 759 1460 recta
790 1401 979 1478 gymnasium
1012 1400 1134 1476 devenit,

126 1495 227 1570 ibique
251 1492 287 1551 de
309 1491 498 1568 philosophia
521 1491 675 1567 disputans
694 1490 864 1548 muneribus
883 1492 929 1548 est
947 1490 1084 1565 donatae,
1105 1491 1164 1548 utu

128 1602 188 1641 non
210 1583 328 1639 tantum
348 1575 352 1658 1
373 1599 404 1638 se
427 1582 547 1639 ornaret
569 1579 620 1638 sed
643 1579 735 1637 etiam
757 1579 800 1637 eis
824 1579 875 1654 qui
893 1579 1173 1639 maneriarum

128 1670 271 1730 vestitum
294 1671 324 1726 et
346 1671 444 1727 cetera
463 1687 540 1744 qnae
560 1686 635 1744 opus
658 1670 757 1726 essent
774 1666 813 1725 ad
830 1667 945 1726 victum
964 1669 1136 1743 praestaret

129 1778 196 1818 cum
215 1759 316 1815 autem
335 1757 396 1816 eius
416 1758 538 1816 comites
556 1757 589 1814 in
606 1756 737 1831 patriam
750 1755 860 1815 reverti
872 1756 1039 1816 voluissent
1051 1757 1136 1815 inter-

129 1848 328 1924 rogarentque
352 1865 421 1904 eum
444 1845 587 1921 quidnam
608 1845 701 1928 uellet
723 1844 843 1903 domum
865 1843 1048 1919 renuntiari,
1071 1847 1137 1904 tunc

130 1937 174 1994 ita
192 1933 346 1993 mandavit
365 1934 469 2009 dicere,
488 1933 632 1993 eiusmodi
649 1933 848 2008 possessiones
867 1935 898 1991 et
910 1933 1024 1993 viatica
1041 1932 1137 1992 liberis
1148 1950 1166 1991 n

131 2026 266 2100 oportere
280 2014 391 2105 patrari
406 2041 482 2098 quae
497 2023 588 2081 etiam
603 2042 618 2079 e
632 2023 788 2099 naufragio
802 2042 862 2080 una
875 2024 998 2098 possent
1012 2025 1137 2081 enatare
1145 2029 1174 2082 (s)

96 2127 111 2174 2
130 2131 258 2188 namque
277 2131 313 2170 ea
325 2130 397 2171 vera
415 2111 565 2187 praesidia
583 2114 652 2169 sunt
665 2111 746 2170 vitae
766 2111 872 2186 quibus
890 2129 986 2186 neque
1004 2111 1138 2171 fortunae

130 2199 322 2277 tempestas
313 2200 420 2276 mique
447 2219 542 2275 neque
568 2199 753 2275 publicarum
775 2219 874 2257 rerum
896 2199 1026 2258 mutatio
1048 2217 1138 2275 neque

130 2291 201 2350 belli
223 2290 333 2349 vastat
325 2309 354 2348 10
375 2283 379 2366 1
400 2291 500 2365 potest
521 2307 634 2347 nocere
671 2307 730 2347 non
752 2288 849 2346 minus
873 2306 940 2346 eam
962 2288 1183 2349 sententiamltl

132 2378 265 2457 augendo
289 2378 520 2453 Theophrastus,
541 2376 688 2437 hortando
712 2377 814 2436 doctos
842 2376 943 2452 potius
966 2394 1031 2436 esse
1054 2393 1167 2453 quamn

131 2468 273 2543 pecuniae
296 2466 474 2525 confidentes
497 2466 542 2524 ita
564 2465 662 2541 ponit,
686 2465 806 2524 doctum
829 2484 863 2524 ex
886 2464 1025 2524 omnibus
1048 2465 1139 2526 solnm

132 2575 226 2631 neque
250 2555 281 2613 in
304 2555 408 2614 alienis
431 2555 503 2614 locis
526 2555 714 2632 peregrinum
736 2573 832 2630 neque
854 2553 970 2612 amissis
987 2552 1138 2612 familiari·

132 2644 187 2702 bus
211 2646 242 2702 et
264 2643 436 2702 necessariis
457 2637 460 2720 1
481 2645 600 2718 inopem
622 2643 784 2701 amicorum
802 2642 854 2701 sed
872 2643 904 2700 in
922 2643 1003 2702 omni
1023 2643 1167 2702 crunno

134 2750 195 2791 esse
228 2731 322 2790 civem
354 2731 549 2808 difficilesque
580 2733 717 2790 fortunae
750 2731 813 2788 sine
844 2731 951 2790 timore
978 2749 1066 2807 posse
1095 2730 1138 2789 de·

134 2820 244 2896 spicere
268 2839 361 2896 casus,
385 2824 418 2880 at
439 2820 491 2896 qui
514 2839 574 2878 non
596 2819 799 2878 doctrinarum
817 2819 869 2878 sed
885 2818 1042 2880 felicitatis
1060 2837 1168 2896 prae-,5

134 2910 217 2969 sidiis
235 2911 356 2986 putaret
379 2927 410 2968 se
429 2927 491 2968 esse
510 2909 664 2983 vallatum,
686 2907 794 2967 labidis
812 2908 968 2967 itineribus
987 2909 1141 2968 vadentem

98 3012 114 3060 3
133 3018 192 3057 non
215 2998 317 3057 stabili
339 2997 391 3056 sed
408 2997 526 3055 infirma
545 2997 707 3056 conflictari
724 2999 796 3056 vita.
832 2997 978 3072 Epicurus
996 3017 1069 3057 vero
1086 3015 1140 3056 non

206 3207 222 3256 6
240 3201 432 3256 hrodiensium
446 3203 476 3256 Ε
488 3204 554 3272 (nors
570 3203 615 3272 G)
631 3202 636 3273 1
653 3201 796 3256 schemata
810 3201 841 3254 H
860 3203 996 3281 (scemata
1010 3201 1074 3258 EG
1080 3201 1121 3270 S).

135 3278 151 3326 9
169 3273 269 3327 rodum
283 3273 347 3340 HS,
365 3271 484 3354 hrodum
499 3274 567 3329 EG
584 3276 588 3343 Ι
604 3274 682 3328 recta
696 3273 730 3327 H
742 3273 829 3342 (recta
842 3270 890 3325 via
904 3272 950 3342 S),
967 3274 1045 3327 recte
1060 3271 1125 3328 EG.

136 3348 168 3397 10
187 3346 220 3397 ut
237 3361 294 3397 non
311 3345 435 3397 tantum:
460 3342 490 3397 in
513 3345 625 3397 tantum
647 3345 679 3397 ut
701 3360 758 3398 non
776 3342 912 3398 solumS.
939 3344 949 3412 11
978 3348 1011 3396 16
1032 3345 1140 3398 entare

135 3415 165 3468 H
171 3414 208 3470 G
228 3430 358 3469 enarrare
372 3414 412 3482 H,
431 3413 623 3485 enavigareS.
642 3415 652 3483 11
670 3413 889 3468 aothoofrastus
905 3411 1140 3484 1161261111-

136 3483 179 3538 dis
194 3485 290 3556 HS(G
292 3489 326 3555 ⁶³)
345 3433 1022 3556 11111111Εᾶ12711111111Ηε1απ1ενα8.8
