2416 3922
133 174 199 231 1111-
552 169 717 223 VITRUVII

93 352 103 387 i
135 318 315 395 irrigatorem
338 337 435 377 rerum
457 319 637 396 gravitatem
659 337 722 378 esse
745 321 873 378 nonest
894 318 1075 396 negandum
1107 315 1135 375 id

127 420 231 469 sulem
254 407 356 466 multis
377 407 464 467 rebus
488 410 532 466 est
555 408 594 466 ad
615 427 702 466 usum
725 407 910 483 expeditum..
942 426 1040 483 neque
1063 405 1136 467 enin

128 498 286 573 nuatum
308 514 403 571 neque
427 515 476 555 aes
500 496 562 555 siue
585 516 619 555 eo
642 499 742 572 potest
763 498 842 555 recte
870 495 1015 556 inaurari
1062 514 1135 555 cum·

129 606 189 663 que
209 578 213 660 1
233 585 264 641 iu
287 586 369 643 veste
395 585 542 643 intextum
569 589 614 645 cst
641 605 744 643 surum
772 603 866 660 eaque
893 585 986 644 vestis
1013 583 1182 645 contrilslll

130 676 253 753 propter
274 676 455 732 vetustatem
477 692 565 732 usum
586 693 646 733 non
667 673 777 732 habeat
798 675 978 748 honestump.
993 671 1088 749 panni
1107 671 1161 731 ine·-

130 761 272 822 ilotilibus
289 762 368 821 vasis
391 763 514 838 inpositi
536 781 625 838 supra
647 762 753 839 ignem:
766 761 986 822 combunmtur.
1023 761 1050 821 is
1068 779 1139 821 orma

132 850 257 913 coicitur
287 850 319 908 in
346 869 468 927 equam,
501 854 530 910 et
557 852 677 909 additur
704 870 737 910 eo
765 852 923 928 argentum
949 850 1063 910 viuum.
1108 848 1139 909 id

133 943 233 1001 autom
260 958 362 998 omncs
381 935 385 1018 Ι
405 941 499 1000 mices
524 941 592 998 euri
619 940 742 1015 corripit
768 940 800 997 in
827 958 858 998 se
886 941 916 998 et
939 938 1021 1016 cogit
1044 946 1164 999 ssoumt)

133 1029 219 1089 coire.
265 1047 343 1103 equa
370 1029 473 1088 defusa
501 1047 567 1088 cum
593 1029 625 1086 id
649 1029 681 1086 in
702 1047 835 1104 pannum
856 1027 1026 1087 infunditur
1048 1025 1137 1086 stibi

133 1116 268 1177 menibus
295 1118 449 1192 premitur,
476 1120 632 1195 argentum
659 1137 712 1192 per
738 1116 832 1192 panni
852 1116 993 1176 raritates
1021 1119 1170 1192 proptera

133 1207 279 1282 liquorem
302 1206 526 1282 exhalabitur,
548 1225 653 1264 aurum
672 1205 888 1281 compressione
910 1208 1048 1264 coactum
1065 1204 1142 1263 intre,

134 1315 242 1373 purum
263 1295 422 1354 invenitur.

89 1394 128 1449 IX
201 1385 346 1443 Revertar
371 1403 449 1443 nunc
476 1384 519 1442 ad'
543 1382 628 1440 minii
659 1384 900 1458 temperaturam.
948 1382 1034 1458 ipsae
1067 1381 1137 1440 enim

135 1464 266 1554 glaclbae
294 1493 360 1531 curn
388 1477 458 1532 sunt
483 1472 596 1546 aridae,
624 1471 845 1529 contunduntur
870 1471 941 1546 pilis
969 1470 1094 1546 sarreia.
1111 1472 1173 1528 cru

135 1561 299 1620 lotionibus·
318 1565 348 1620 ct
371 1561 496 1620 cocturis
519 1559 628 1619 crebris
650 1559 956 1618 relictissterooribus
976 1559 1169 1618 efficiuntnu-

135 1653 170 1709 ut
197 1651 357 1709 adveniant
383 1652 503 1709 colores.
553 1668 620 1708 curn
647 1668 717 1725 crgo
745 1647 868 1707 emisses
896 1649 957 1708 sint
985 1667 1022 1706 ex·
1052 1646 1136 1707 minio

136 1758 189 1815 per
212 1740 327 1816 argenti
344 1738 407 1797 vivi
428 1739 612 1797 relictionem
635 1757 708 1813 quas
730 1737 811 1796 inse
830 1737 982 1796 naturales
1001 1737 1138 1796 habuerat

102 1844 118 1890 2
136 1828 275 1902 virtutes,
298 1827 425 1886 efficitur
447 1830 549 1886 tencre
572 1829 678 1884 natura
702 1829 732 1885 et
753 1825 866 1884 viribus
887 1825 1045 1886 inbecillis
1088 1826 1137 1884 ia

138 1936 194 1992 que
207 1935 273 1974 cum
288 1919 332 1976 est
345 1917 377 1973 in
391 1907 628 1998 expeditionibus
639 1915 824 1974 conclavium
836 1914 970 1974 tectoriis
982 1914 1139 1987 inductur,
1145 1917 1174 1969 1111

137 2008 290 2081 permanat
312 2006 375 2063 sine
398 2006 480 2064 vitiis
502 2023 555 2063 suo
579 2004 683 2062 colore.
720 2003 831 2078 apertis
853 2022 923 2062 voro
946 2003 983 2060 id:
1003 2005 1049 2062 est
1069 2001 1171 2078 pen-c

138 2095 224 2170 stylis
252 2097 304 2152 aut
331 2094 464 2153 exhedris
492 2096 546 2152 aut
572 2093 676 2151 ceteris
703 2092 835 2150 eiusdem
860 2091 945 2152 modi.
968 2092 1057 2167 locis,
1088 2106 1143 2166 quo·

138 2183 180 2243 sol
206 2186 236 2242 ot
258 2185 330 2241 luna
351 2183 447 2258 possit
470 2181 640 2258 splendores
663 2184 693 2239 et
715 2181 813 2239 radios
836 2181 996 2255 inmittens
1020 2199 1088 2239 cnm
1107 2177 1144 2236 sb¹

137 2272 184 2332 his
202 2273 284 2330 locus
306 2272 451 2348 tangitur,
473 2271 599 2329 vitiatur
622 2272 652 2328 et
674 2270 786 2328 amissa
801 2269 913 2329 virtute
936 2269 1045 2328 coloris
1067 2267 1139 2327 dsni·

138 2365 255 2438 gratim.
298 2361 401 2436 itaque
428 2380 494 2419 cum
522 2362 551 2417 et
578 2358 632 2417 alii
657 2358 745 2416 multi
766 2352 770 2435 1
790 2361 856 2416 tum
885 2358 978 2416 etiam
1004 2357 1176 2416 ratenus

139 2450 236 2509 scriba
257 2468 323 2508 cum
345 2450 377 2506 in
395 2449 543 2508 Aventino
562 2447 705 2506 voluisset
726 2445 834 2505 habere
857 2447 978 2504 domum
997 2447 1172 2523 eleganter*

22 2614 25 2619 .
139 2538 313 2619 expolitam,
343 2537 494 2613 peristylio
522 2537 651 2612 parietes
679 2553 778 2593 omnes
809 2535 926 2593 induxit
957 2535 1065 2609 minio,
1096 2531 1140 2609 qni

139 2630 208 2702 post
230 2627 292 2684 dies
314 2645 376 2683 xxx
398 2627 469 2684 facti
499 2629 568 2684 sunt
594 2625 749 2683 invenusto
772 2625 914 2698 varioque
940 2624 1048 2682 colore.
1091 2623 1139 2680 ita·

105 2728 120 2776 3
141 2734 197 2790 que
219 2733 272 2790 pro
295 2715 387 2773 minio
410 2713 521 2773 locavit
542 2712 720 2771 inducendos
744 2713 818 2771 alios
843 2713 963 2771 colores.
1000 2715 1033 2770 at
1053 2709 1140 2786 siqui

140 2803 278 2862 subtilior
303 2804 394 2861 fuerit
421 2806 450 2862 et
472 2803 601 2862 volucrit
628 2801 837 2876 expolitionem
863 2801 1042 2859 miniaceam
1064 2817 1140 2858 suun

140 2883 277 2973 cololrem
303 2893 443 2968 retinere,
470 2911 536 2950 curn
562 2891 660 2966 parics
688 2889 834 2965 expolitus
862 2892 892 2948 et
919 2888 1020 2947 aridus
1050 2883 1191 2959 montald

213 3035 227 3080 1
246 3043 302 3080 non
320 3027 364 3079 est
381 3025 541 3094 negandum
556 3025 590 3078 H
592 3024 623 3079 S:
642 3041 699 3077 non
716 3038 779 3092 neg.
799 3024 842 3077 ost
860 3023 928 3077 Ea.
952 3023 962 3091 1
984 3028 1002 3075 4
1020 3022 1098 3076 veste
1115 3018 1141 3075 S:

140 3104 218 3152 veste
233 3099 264 3151 H
268 3098 298 3151 E
303 3098 336 3152 G.
353 3098 357 3166 1
374 3095 510 3149 constrita
524 3096 562 3151 H.
577 3098 587 3164 11
601 3101 616 3148 7
631 3093 748 3148 coicitur
762 3094 834 3149 EG:
849 3092 970 3162 coigitur
984 3092 1026 3161 H,
1040 3091 1141 3163 cogitur

141 3170 221 3238 81111
233 3170 278 3237 L).
297 3171 306 3237 11
324 3172 339 3220 8
359 3165 449 3219 omnis
463 3166 501 3220 H.
520 3168 530 3236 11
548 3172 563 3220 9
583 3165 685 3219 diffusa
702 3183 729 3221 a.
748 3167 759 3234 11
778 3169 810 3218 16
829 3163 932 3218 emissa
950 3167 1026 3218 osset
1044 3160 1141 3232 (estid)

142 3256 176 3294 cx
192 3238 274 3292 minii
293 3242 302 3309 (
326 3238 370 3306 H)
389 3255 416 3293 x.
439 3239 449 3306 1
473 3243 505 3290 17
525 3253 566 3291 se:
591 3253 650 3291 sese
669 3237 704 3291 E.
728 3238 738 3306 11
761 3242 794 3289 19
812 3234 896 3289 tectis
913 3253 934 3289 er
952 3237 1032 3304 (corr.
1046 3236 1120 3304 doc).
1133 3230 1147 3301 1ι

142 3316 176 3364 20
194 3309 284 3380 peri&
345 3306 428 3361 sfiliis
444 3327 471 3363 a.
490 3310 500 3377 11
518 3314 551 3361 21
571 3307 679 3362 exedris
693 3307 719 3362 S.
735 3311 744 3374 11
758 3312 791 3360 25
811 3305 962 3360 adventino
975 3323 997 3360 a
1014 3310 1069 3377 (av.
1083 3304 1137 3374 Istss

142 3387 176 3434 26
194 3379 347 3451 peristyliis
365 3397 391 3433 a.
416 3382 425 3447 11
447 3385 481 3433 27
501 3398 570 3433 xxx.
585 3378 685 3434 HSG:
703 3377 823 3447 triginta
841 3379 876 3430 Ε.
898 3378 907 3447 11
928 3382 962 3430 28
980 3395 1032 3447 pro
1050 3375 1141 3431 minio:

141 3451 231 3521 primo
250 3470 277 3506 a,
303 3453 307 3520 1
333 3452 364 3503 at
377 3451 449 3506 EG:
470 3450 506 3503 ad
524 3450 559 3503 H
562 3449 588 3504 S.
615 3452 625 3519 11
652 3455 685 3503 29
704 3447 832 3517 miniac(t
846 3447 937 3517 Suam
956 3465 984 3504 a.
1012 3446 1023 3518 1
1048 3453 1083 3502 30
1102 3461 1141 3500 ex·

142 3523 247 3591 politus
267 3524 296 3575 ct
313 3520 407 3575 aridus
427 3523 471 3576 est
489 3521 648 3576 subcnctum
668 3527 715 3576 etc.
735 3522 912 3590 (p.175,22)
930 3537 958 3574 a.
