2416 3922
1029 166 1119 220 XXIII

102 309 169 364 trito
193 309 308 379 pulvere
331 308 413 363 tolles
438 307 599 363 ictiocollon
617 325 680 376 ·;·1‚
703 308 879 363 taurocollon
896 325 948 364 ÷1
970 309 999 362 et
1021 309 1117 363 mittes

102 398 166 435 cum
185 397 268 449 aqua.
297 379 447 434 commixta
463 396 564 448 coques
584 382 613 434 et
631 380 698 433 dum
716 379 843 434 bullierit
860 378 956 434 mittes
974 379 1119 449 pulverem

102 451 248 505 marmoris
268 453 298 505 et
314 451 402 505 facies
420 451 519 521 gluten
537 450 690 505 marmoris.
728 451 850 505 Petrae
869 450 996 520 gluten.
1033 451 1118 505 lotio-

102 523 195 577 collon
212 538 240 578 ÷
253 542 282 591 11,
307 521 381 576 casei
403 522 502 592 gluten
519 542 546 581 -3-
559 542 588 577 11.
617 525 647 576 et
664 521 758 576 mittes
778 538 811 576 ex
829 521 891 592 ipso
909 521 1025 592 pulvere
1043 539 1116 575 mar-

79 593 196 662 smoris,
207 593 281 647 siout
295 593 429 663 superius.
456 593 493 647 Li
498 594 557 663 gni
572 595 667 648 autem
681 593 809 663 gluten.
838 593 1014 647 taurooollon
1029 610 1117 647 semo-

102 664 168 734 tim,
192 663 354 719 ictiocollon
377 664 506 719 semotim
528 666 629 738 glutat.
668 680 767 718 aurum
790 665 886 718 autem
909 666 938 718 et
961 665 1119 734 argentum,

103 735 177 790 sicut
196 734 323 805 superius
343 735 488 790 docuimus
506 737 536 791 in
555 737 699 791 exaurata.

174 808 211 875 (9)
238 805 450 876 Compositio
478 806 689 862 brondisino.
736 805 887 861 aeruminis
914 808 1009 876 partes
1038 806 1117 874 duas,

100 877 212 947 plumbi
230 895 323 946 unam,
343 877 438 946 stagni
456 895 549 934 unam.

67 964 89 1003 io
174 950 229 1018 (10)
249 947 461 1017 Compositio
484 948 688 1004 cinnabarin
712 947 839 1001 alithinis
863 951 891 1002 et
914 947 1116 1002 mundissimae

102 1037 135 1074 ex
164 1019 276 1088 argenti
299 1018 357 1074 vivi
385 1022 414 1073 et
436 1020 550 1074 sulfuris
573 1019 632 1075 vivi
654 1018 736 1073 urina
758 1020 864 1073 munda
888 1022 999 1089 partem
1021 1035 1115 1086 unam,

101 1089 213 1216 aad
226 1089 1117 1217 {lietlatffldebeatdefeatflabella

101 1235 130 1286 et
150 1232 308 1286 admixtum
326 1180 520 1303 argenso'vivo
540 1233 635 1287 mittes
654 1231 684 1285 in
703 1229 828 1301 ampulla
846 1204 903 1284 non
920 1232 1006 1301 plena
1024 1229 1117 1284 rninus

65 1303 225 1358 ishabente
248 1303 346 1357 uncias
364 1323 394 1358 11.
431 1304 506 1373 quod
530 1304 554 1358 si
576 1303 666 1357 maior
685 1303 750 1371 erit,
774 1304 803 1356 et
825 1305 882 1357 tres
901 1302 999 1357 uncias
1025 1301 1118 1355 minus

101 1374 215 1428 habeat.
245 1376 274 1428 et
287 1374 377 1428 mixta
391 1375 514 1445 exagita.
540 1377 569 1430 et
582 1375 670 1428 facies
684 1374 827 1428 fornacem
841 1376 977 1427 minorem
985 1372 1116 1441 vitriarii,

101 1448 134 1499 ut
157 1445 311 1515 ampullam
334 1446 412 1516 large
436 1446 543 1516 capiat,
567 1449 596 1500 et
619 1445 745 1500 dimittes
772 1444 866 1499 locum
888 1445 962 1498 unde
993 1443 1118 1513 ampulla

101 1515 291 1586 ingrediatur,
319 1518 348 1570 et
376 1517 485 1572 divides
513 1535 629 1584 cannas,
659 1519 688 1570 et
714 1516 781 1570 inde
807 1515 939 1570 incendes
964 1515 1116 1569 fornacem.

101 1587 228 1641 dimittes
252 1589 281 1642 et
307 1587 378 1641 alias
406 1588 543 1643 fenestras
571 1589 705 1657 minores,
733 1588 807 1641 unde
831 1587 925 1642 exalet
951 1587 1064 1640 flamma
1088 1586 1119 1639 in

64 1673 88 1711 eo
102 1657 222 1712 circuitu
250 1659 399 1728 ampullae.
446 1659 558 1729 signum
586 1663 681 1714 autem
709 1658 843 1713 coctionis
871 1659 924 1712 boc
952 1661 1002 1713 est.
1049 1657 1116 1710 dum

101 1728 207 1783 rideris
226 1729 277 1782 ubi
290 1729 381 1783 minus
395 1731 482 1784 habet
499 1731 624 1800 ampulla
637 1729 817 1800 porfirizonta
830 1730 938 1782 fumum
953 1731 982 1783 et
996 1728 1116 1782 colorem

101 1799 254 1854 facientem
279 1802 311 1854 ut
339 1801 516 1869 cinnabarin,
546 1801 656 1855 desines
680 1801 856 1865 succendere.
897 1799 998 1854 leviter
1021 1802 1118 1853 autem

102 1871 263 1938 succendes,
282 1888 318 1925 ne
337 1888 371 1926 ex
389 1873 478 1926 multo
497 1872 627 1927 incendio
647 1871 772 1942 ampulla
791 1873 894 1941 crepet.
923 1873 952 1925 et
970 1871 1038 1924 dum
1055 1887 1118 1940 per-

102 1944 214 1996 coctum
231 1942 325 2009 fuerit,
345 1942 470 1997 dimittes
490 1960 552 1998 eam
570 1942 743 2015 refrigidare.

65 2029 88 2066 aa
175 2016 231 2082 (11)
249 2013 357 2067 Lulax
379 2013 410 2067 id
429 2017 473 2068 est
494 2014 590 2068 indica
609 2013 783 2084 compositio.
820 2013 894 2068 larin
911 2029 938 2070 ÷
952 2032 986 2081 11,
1010 2011 1119 2068 vitrioli

174 2249 188 2296 1
214 2243 283 2297 tritri
310 2245 478 2314 pulvere(-re
497 2245 530 2315 S)
550 2245 608 2300 LS.
639 2247 643 2314 1
672 2243 851 2313 yctio(ycoio-
874 2242 1002 2313 S)collon
1025 2242 1084 2318 Lss.
1109 2242 1119 2314 ll

103 2320 117 2367 3
132 2313 205 2368 facis
220 2315 253 2368 L.
272 2318 275 2384 Ι
291 2315 457 2370 Lithocolla.
486 2316 557 2370 Item
572 2315 629 2369 alia
645 2317 714 2370 Esco.
729 2318 768 2385 115
784 2314 874 2384 Ligna
884 2313 942 2367 LS.
960 2314 963 2385 l
980 2313 1069 2382 glut}
1083 2314 1119 2380 L,

102 2385 198 2454 glutat
212 2386 240 2452 S,
258 2388 307 2441 abi
323 2387 393 2441 Ecce.
425 2386 508 2456 Ligni
528 2389 623 2441 autem
641 2387 738 2456 gluten
753 2385 868 2458 <gluttit
885 2386 924 2438 stc
942 2386 1006 2438 add.
1023 2383 1118 2508 core}

102 2457 136 2523 cf.
155 2457 319 2526 xylocollom
336 2458 429 2512 Diosc.
457 2460 466 2528 Η
494 2458 686 2529 6gluten(·en
703 2459 735 2510 ie
752 2459 826 2526 roa).
859 2472 957 2508 aurum
980 2456 1075 2509 autem

102 2528 162 2595 (ubi
183 2528 278 2596 glutat
297 2529 389 2598 Erre),
418 2527 518 2582 Glutat
540 2535 576 2582 air
604 2534 673 2582 auru
692 2529 718 2583 S.
751 2530 760 2596 ss
792 2545 814 2582 c.
835 2531 900 2581 9=
916 2527 985 2581 Eece.
1005 2528 1025 2594 f.
1044 2529 1090 2581 22.
1109 2525 1119 2598 Ι)

102 2603 118 2650 8
136 2597 301 2652 brondisino
320 2600 360 2667 L,
382 2616 462 2653 -sono
481 2597 668 2669 S(brundisii
686 2599 776 2668 Ecce).
804 2601 813 2669 ΙΙ
841 2604 856 2652 9
875 2596 986 2668 plumbi
1004 2614 1061 2651 una
1085 2611 1108 2658 v:-

103 2668 198 2738 stagni
216 2671 314 2723 unaL
333 2671 777 2740 (etcinep.S).llc.10=Eoec.
797 2668 1116 2741 maurocenorum!

101 2774 286 2846 mundatae
313 2777 378 2832 aa:
410 2776 508 2830 munuc
536 2793 632 2847 spuma
661 2793 686 2831 a.
713 2794 739 2830 v.
768 2777 838 2832 aas.
871 2779 880 2846 ι)
914 2781 944 2829 11
973 2747 1033 2829 viia
1051 2775 1116 2847 1.)

102 2846 243 2916 sulphuris
258 2847 285 2902 S.
302 2851 306 2917 Ι
322 2847 404 2902 urina
421 2848 527 2902 munda
541 2866 591 2903 om.
607 2849 676 2903 Ero.
694 2849 698 2916 Ι
714 2850 794 2917 parte
810 2865 867 2900 una
882 2847 908 2901 S.
932 2849 941 2916 ι)
965 2852 997 2899 12
1012 2846 1117 2900 tollens

101 2917 155 2972 LS
171 2917 251 2986 (tolle
265 2919 353 2988 Euro).
381 2920 390 2988 ΙΙ
419 2924 451 2972 13
471 2919 520 2987 qui
538 2919 561 2972 da
579 2921 618 2973 sic
632 2919 686 2974 LS
702 2918 780 2988 (quia
799 2920 827 2972 et
848 2917 924 2972 calor
943 2918 1088 2985 estilota).

103 2988 210 3053 sufferit
228 2990 267 3058 L,
296 2989 345 3043 -rit
367 2997 430 3045 ante
453 3007 521 3045 corr.
542 2992 618 3059 (ret)
638 2990 664 3044 S.
695 2995 698 3059 Ι
729 2989 839 3043 sulfhur
858 2991 897 3056 L,
925 2987 1041 3057 sulphur
1060 2987 1110 3060 Β.)

104 3083 136 3130 14
155 3067 220 3134 vibb
240 3078 273 3132 L.
300 3081 304 3149 Ι
328 3077 419 3132 mittis
437 3078 496 3133 LS.
522 3081 526 3147 Ι
552 3077 666 3148 ampula
684 3078 718 3133 L.
745 3078 748 3149 l
774 3076 936 3147 ampullari
954 3075 1089 3145 plenv⁸S.
1108 3075 1119 3148 Ι)

103 3155 135 3202 15
153 3165 182 3203 -z-
195 3169 216 3202 11
231 3149 290 3205 LS.
312 3155 316 3218 Ι
336 3150 393 3204 tres
412 3167 439 3206 ·:-
453 3149 511 3204 LS.
536 3151 545 3219 ΙΙ
571 3154 603 3201 17
624 3148 744 3202 dimittis
759 3149 818 3203 LS.
845 3149 848 3219 l
874 3147 1068 3216 ampullemta
1083 3146 1116 3218 S)

103 3220 157 3274 LS
172 3221 224 3290 (la
243 3222 333 3290 Exci.
361 3224 370 3290 )Ι
398 3226 431 3274 18
451 3219 566 3273 derides
585 3227 648 3274 aute
667 3237 734 3275 corr.
750 3221 784 3275 L.
812 3222 822 3289 1)
850 3225 883 3272 19
903 3216 1034 3270 demittes
1054 3217 1114 3290 L}

104 3291 217 3345 flamina
240 3292 266 3346 S.
295 3294 304 3361 Ι)
331 3297 364 3344 21
389 3291 511 3345 calorem
534 3290 592 3345 LS.
620 3292 630 3360 I
657 3296 690 3342 22
714 3289 819 3343 desinis
838 3290 864 3345 S.
893 3291 902 3359 ι)
930 3294 962 3340 23
990 3288 1115 3362 ampullp

103 3364 200 3431 crepat
218 3363 277 3418 LS.
292 3365 301 3432 )1
315 3380 337 3418 e.
352 3367 386 3417 11
406 3365 528 3432 sepultor
547 3364 628 3416 etiam
647 3364 678 3414 io
692 3363 762 3416 Eae.
781 3363 866 3428 122ὃ
885 3359 1023 3428 quomodo
1043 3377 1116 3413 com-

102 3436 224 3502 ponatur
242 3433 321 3487 lulax
339 3433 357 3488 i.
376 3433 479 3488 indicii.
501 3434 510 3501 ι)
532 3437 565 3485 25
584 3432 683 3486 Ludax
701 3433 727 3487 S.
749 3434 753 3500 Ι
773 3431 867 3485 indico
887 3431 908 3486 S
924 3438 949 3485 et
966 3438 1029 3485 ante
1047 3448 1115 3486 corr.

104 3505 136 3558 L.
159 3508 162 3573 Ι
183 3504 258 3558 iarin
275 3505 320 3559 bic
337 3505 371 3558 L.
