2416 3922
274 195 381 250 LIBER
399 195 505 250 ARTIS
526 193 865 250 ARCHITECTONICAE
1010 196 1073 260 307

140 345 201 407 291,
215 345 298 406 tsqq.
312 355 438 393 nnrneros
452 355 485 392 en
504 338 626 392 Vitrnoii
640 344 716 393 teatin
729 344 755 392 ct
767 341 885 394 correxit
903 345 929 392 et
945 341 1083 408 snppdoit

69 412 161 466 Anon.
182 410 216 477 S,
238 411 295 463 nisi
318 410 389 479 qnod
412 410 523 478 reliqnit
544 426 567 462 c.
588 414 624 463 19
647 412 711 478 (pro
735 413 828 479 cccix)
852 427 951 464 eccon.
978 410 1082 480 pondo,

67 485 141 537 sient
165 499 198 535 aa
219 481 375 536 Faventino
399 481 481 534 etiarn
499 480 653 534 Palladias.
682 481 691 549 Ι(
719 485 752 533 13
775 481 975 549 comprehensa
999 484 1082 536 etiam

67 554 141 608 Pali.
162 551 760 621 (impressaIsid.19,10,21et16,3,11).
788 554 798 621 (Ι
826 558 860 605 14
883 569 939 606 non
962 551 1081 608 habebit

65 623 249 692 asperitatem
268 623 394 692 (additur
415 639 449 676 erc
467 621 537 676 Vitr.
552 638 582 690 p.
598 626 643 688 40,
654 624 694 691 6)1
718 629 807 677 tentas
830 625 929 678 traditi
952 625 1081 679 laciniam

65 697 136 749 sotis
154 696 258 762 indicte
276 695 316 747 sic
334 694 451 761 capient
469 692 561 746 Anon.
576 692 598 747 S
613 694 692 746 muta
711 692 773 748 erit.
801 694 898 749 deinde
916 710 951 748 ea
969 711 1080 763 quoque

66 782 152 833 quam
176 769 304 834 (eamque
327 765 415 833 codd.)
438 762 468 816 in
487 782 513 817 v.
533 780 556 817 c.
579 761 688 817 miseris
711 771 769 831 etc,
786 765 835 818 nbi
853 781 904 820 rec.
923 768 1022 836 interp.
1040 769 1081 821 sic

69 835 176 901 Quodsi
195 838 303 889 terrosa
321 833 414 888 fuerit.
443 850 561 902 eamque
579 833 609 887 in
627 836 696 889 vest.
716 835 796 889 cand.
815 834 932 890 miseris.
953 837 977 890 si
992 837 1081 891 effusa

66 906 156 960 nichil
175 923 195 960 s.
214 924 235 958 r.
250 907 259 974 ΙΙ
274 910 307 960 28
327 904 464 960 evanidae
484 904 615 973 (vanidae
633 907 733 974 codd.):
757 905 891 960 humidae
903 909 973 962 nole
987 909 1079 963 Anon.

65 978 87 1033 S
104 979 148 1044 (cf.
160 994 191 1046 p.
206 980 296 1044 40,21
315 983 340 1031 et
358 981 403 1044 46,
412 979 468 1046 29).
483 978 492 1046 (1
506 982 538 1030 31
559 974 727 1030 liaculorum
745 979 828 1046 (Vitr.
844 994 875 1046 p.
890 983 935 1046 41,
944 981 985 1048 9)·
1003 978 1079 1032 iacu-

66 1048 159 1103 lorum
187 1049 263 1102 codd.
292 1049 342 1116 (sic
369 1050 451 1101 etiarn
473 1050 564 1102 Anon.
584 1046 626 1115 S).
665 1064 699 1102 err
725 1049 775 1103 boc
798 1047 952 1103 Ferentini
978 1050 1035 1104 ioco
1062 1067 1081 1103 a

68 1121 184 1174 librario
203 1125 313 1187 sarapta
330 1120 387 1185 fnit
404 1120 483 1173 lectio
500 1135 568 1173 saec.
587 1119 638 1172 IX
652 1120 710 1186 ipsi
732 1120 858 1174 Vitrnrio
877 1120 1019 1188 adscripta
1037 1121 1081 1174 vel

64 1189 225 1244 iaculorum.
261 1192 271 1259 Ι)
303 1193 337 1242 36
369 1188 482 1260 sfungia
513 1190 653 1258 (εφογγιά)
684 1191 725 1244 sic
752 1191 828 1245 codd.
857 1191 949 1257 (etiarn
975 1192 1081 1246 Isidori

65 1266 169 1328 19,10‚
186 1264 222 1327 3).
250 1262 260 1330 Ι)
288 1266 321 1314 37
341 1259 457 1314 exiliore
476 1263 505 1329 (i.
524 1278 545 1315 e.
564 1258 692 1329 rariore):
717 1259 840 1315 molliori
864 1262 907 1330 (ea
930 1263 1081 1332 interpret.)

68 1333 141 1387 Poll.
160 1338 186 1386 et
204 1332 293 1400 (maie)
311 1332 404 1386 Anon.
419 1331 446 1387 S.
684 1364 686 1368 >

136 1408 242 1471 29216
257 1401 408 1456 inducatur
421 1404 467 1471 (sc.
482 1403 632 1458 tectorium
651 1403 719 1457 Vitr.
731 1420 761 1472 p.
777 1405 892 1472 38,17):
910 1402 1082 1458 inducantur

65 1477 152 1543 codd,
168 1476 217 1529 nbi
237 1474 376 1527 ducantur
393 1476 439 1543 (sc.
458 1473 571 1541 lateres)
586 1474 678 1529 Anon.
698 1474 725 1528 S.
745 1475 794 1544 qni
806 1491 840 1528 erc
858 1474 928 1529 Vitr.
943 1491 974 1542 p.
989 1478 1082 1542 38,15

65 1543 320 1686 titillamiitt
344 1543 1081 1685 3313333333313333331131

64 1689 160 1742 codd..

135 1690 223 1828 2)93,3
242 1757 375 1813 materies
392 1760 476 1829 (Vitr.
487 1760 584 1827 Poll.):
603 1757 695 1812 caesio
710 1761 785 1814 codd.
802 1761 876 1828 (inde
895 1757 985 1814 omnis
1005 1758 1079 1814 casio

67 1830 159 1883 Anon.
170 1829 211 1897 S).
226 1831 236 1897 ΙΙ
251 1834 284 1882 13
294 1829 463 1899 subgrundis
473 1829 661 1900 (subgrundas
670 1829 818 1900 Anon.S):
829 1831 993 1900 subgrande.
1002 1832 1078 1886 codd.

68 1898 102 1963 cf.
123 1901 160 1951 od
178 1900 247 1953 Vitr.
263 1917 293 1966 p.
310 1903 432 1968 0014.)
447 1907 479 1954 17
499 1902 627 1955 aesculus
645 1903 695 1970 (sic
712 1903 769 1954 iam
788 1900 936 1957 Schneider
954 1905 992 1957 od
1005 1903 1078 1957 Pali.

61 1985 91 2037 p.
111 1971 167 2021 224
191 1974 216 2022 et
234 1967 325 2021 Anon.
345 1969 367 2022 S
387 1987 448 2022 cnm
466 1972 596 2026 Palladio
619 1989 653 2027 ec
672 1973 741 2027 Vitr.
756 1989 787 2040 p.
803 1975 917 2041 56,25):
941 1989 976 2026 ex
999 1972 1079 2026 cuius

67 2040 124 2094 cod.
144 2057 160 2094 n
179 2039 238 2107 (nbi
256 2053 291 2091 ex
309 2055 359 2092 orn.
374 2039 437 2108 pp).
464 2041 474 2108 1)
502 2044 534 2093 18
554 2040 652 2094 sedin
673 2059 768 2096 umore
786 2041 881 2111 posita
899 2042 1018 2098 vitiatur
1036 2046 1080 2113 (ex

70 2111 139 2164 Vitr.
151 2126 181 2178 p.
197 2113 243 2176 56,
251 2112 289 2163 27
302 2110 337 2177 cf.
352 2109 428 2163 Ptin.
443 2114 488 2177 16,
497 2112 575 2178 219):
595 2113 625 2164 et
643 2110 673 2164 in
691 2128 787 2166 umore
805 2113 900 2181 posita
912 2116 1079 2183 perpetuam

66 2180 183 2235 exhibet
200 2179 355 2234 utilitatem
373 2182 423 2247 (sic
441 2197 474 2234 ex
492 2198 516 2235 o.
533 2185 565 2234 17
584 2184 738 2250 repetendo)
757 2185 834 2238 codd.
849 2202 910 2239 cnm
924 2188 1015 2240 Anon.
1030 2185 1080 2258 Su

66 2259 100 2304 22
129 2249 278 2319 scalpturis
306 2251 414 2320 (Pana
446 2249 596 2320 sculpturis
624 2255 716 2320 (etiarn
739 2253 821 2322 Vitr.)
848 2257 924 2310 codd.
951 2258 1026 2324 (iteni
1046 2274 1077 2326 p.

67 2327 135 2390 288,
144 2326 199 2391 18).
230 2324 234 2392 Ι
265 2321 346 2375 alnus
365 2320 413 2389 qui
430 2321 573 2390 proximus
592 2324 682 2392 (masc.
701 2330 733 2378 nt
750 2325 810 2378 itai.
829 2326 899 2395 disp.
920 2326 993 2396 alno,
1011 2330 1076 2394 pali.

66 2397 149 2464 aune)
167 2395 253 2463 codd,
272 2395 319 2447 sed
332 2393 424 2448 Anon.
438 2393 552 2461 S(sicnt
565 2394 686 2463 Morini)
700 2397 859 2466 corripendo
872 2399 983 2466 scripsit
997 2397 1078 2452 alnus

65 2481 138 2532 quae
161 2464 289 2534 proxima
313 2480 403 2531 aquae
421 2482 448 2517 n.
469 2467 579 2533 tenera,
603 2472 635 2520 nt
657 2482 690 2519 erc
709 2466 779 2521 Fon.
795 2468 921 2522 Isidorus
938 2471 984 2536 17,
999 2472 1024 2538 7,
1039 2474 1077 2525 42

66 2538 111 2605 (cf.
127 2537 219 2605 Pali).
234 2539 243 2606 (Ι
258 2540 291 2588 26
310 2534 468 2605 palationes
488 2535 577 2604 spisse
596 2536 704 2591 defixae
720 2582 725 2591 .
742 2581 747 2592 .
764 2581 770 2590 .
786 2539 899 2592 servant
917 2541 1009 2608 codd,
1029 2542 1079 2596 nbi

64 2605 217 2676 palationis
246 2606 350 2676 (nibus
377 2607 459 2661 Vita:
487 2609 530 2661 ita
557 2608 668 2678 Krobn)
695 2607 783 2678 spisse
811 2608 902 2663 defixa
917 2654 922 2664 .
937 2630 944 2665 ⁴.
962 2654 967 2664 .
983 2613 1078 2665 servat

66 2680 157 2732 Anon.
173 2677 195 2731 S
211 2680 283 2746 (cnm
301 2679 388 2746 Vita).
403 2679 413 2747 Ι)
427 2683 459 2731 31
480 2677 505 2732 si
523 2695 619 2733 umore
638 2696 694 2733 non
712 2683 904 2748 corrumpetur
923 2683 973 2751 (sic
991 2683 1077 2752 tegen-

66 2750 130 2802 din
149 2755 187 2804 est
204 2766 266 2804 cnrn
283 2766 309 2816 o,
326 2766 383 2803 non
401 2752 604 2831 corrumpatur)
618 2777 652 2795 =
666 2750 744 2818 quod
761 2768 787 2804 u.
811 2768 868 2805 non
891 2753 1077 2822 corrumpitur

65 2820 238 2887 cflPalMi,
250 2826 283 2874 15
298 2819 396 2872 cedrus
416 2819 552 2874 durabrlis
567 2821 591 2874 si
606 2823 652 2892 (al.
667 2823 737 2876 nale
751 2821 816 2890 nisi)
831 2839 926 2877 umore
940 2825 1076 2893 tangatur

65 2892 126 2956 (oni.
140 2890 231 2944 Aron.
247 2890 290 2957 S).
318 2892 328 2960 1(
356 2895 388 2943 32
412 2891 481 2960 pinu
504 2893 554 2961 (sic
576 2910 610 2948 en
633 2893 702 2947 Vitr.
726 2895 809 2947 etiam
827 2893 918 2948 Anon.
939 2894 986 2963 S).-
1008 2893 1075 2964 pino

65 2960 142 3014 codd.
157 2962 166 3029 Ι)
180 2967 214 3014 33
228 2961 324 3016 cedria
341 2963 417 3017 codd.
436 2965 529 3034 (etiam
542 2965 634 3018 Anon.
649 2964 696 3033 S):
716 2963 841 3017 cedrium
859 2965 929 3019 Vitr.
939 2982 970 3034 p.
985 2969 1075 3033 68,21
1105 3005 1107 3008 ⁴

66 3030 151 3098 (Ptin.
167 3036 212 3099 16,
221 3035 274 3101 52).
312 3035 492 3100 conscinditur
509 3035 553 3088 hic
575 3036 668 3089 cedrio
686 3037 775 3104 (nied.)
793 3052 853 3090 carn
875 3037 933 3091 oleo
953 3038 1076 3091 cedrino:

65 3103 99 3167 cf.
116 3102 215 3157 Theod.
230 3103 317 3160 Prisc.
332 3122 362 3174 p.
379 3108 435 3159 500
453 3106 540 3174 (ind),
559 3106 636 3159 Pria.
650 3109 696 3174 24,
706 3109 743 3160 17
759 3112 806 3161 etc.
834 3108 843 3174 ΙΙ
871 3112 905 3160 36
932 3123 1011 3161 nam:
1036 3110 1076 3162 sic

65 3173 141 3227 codd.
152 3175 244 3242 (ctione
253 3177 307 3229 An.
318 3176 351 3245 S)
362 3202 395 3221 =
406 3178 509 3244 autem,
523 3182 555 3231 nt
566 3179 678 3245 saepias
687 3179 727 3246 (p.
738 3181 864 3246 295,10).
883 3179 918 3245 cf.
929 3179 978 3233 in.
986 3179 1074 3234 Prisc.

61 3261 91 3313 p.
108 3246 164 3297 526
181 3245 270 3313 (ind),
288 3246 437 3302 Anthinae
455 3248 567 3316 (Anecd.
582 3248 621 3301 ΙΙ
634 3249 704 3318 ind.)
722 3255 769 3303 etc.

137 3320 228 3382 294,7
256 3315 416 3382 quindecim
443 3320 490 3387 (xv
509 3320 535 3387 o)
562 3317 682 3388 pedibus
709 3320 785 3374 codd.
805 3350 840 3358 -
858 3321 893 3387 cf.
913 3321 984 3375 Poll.
1012 3322 1074 3374 octo

64 3385 152 3455 pedes
171 3385 209 3439 ad
232 3385 355 3454 spatium
378 3388 473 3442 standi
496 3388 614 3458 singulis
637 3389 722 3443 boum
745 3389 861 3461 paribus
881 3391 1027 3445 abundant
1045 3393 1074 3445 et

64 3455 95 3509 in
113 3456 288 3525 porrectione
301 3457 467 3524 quindecim·
482 3462 492 3529 Ι)
507 3465 540 3513 17
555 3459 710 3530 stringatur
724 3463 767 3531 (cs.
784 3460 904 3531 astringi
918 3463 989 3516 Poll.
1001 3467 1027 3529 1,
1036 3466 1074 3517 20

65 3534 90 3583 ct
99 3527 300 3598 constringitur
312 3528 436 3598 Colarni:
450 3530 605 3586 retineatur
618 3533 705 3600 codd,
719 3534 790 3602 qnod
804 3550 838 3587 ex
852 3533 920 3588 Vitr.
931 3535 1077 3601 (01470)

874 3635 933 3687 Ἢ
