2416 3922
44 130 46 134 ’
127 157 192 222 218
549 157 714 212 ursuvn

128 308 229 381 stelle,
257 307 336 384 quod
363 327 398 366 ea
426 327 492 366 cum
520 308 611 368 solem
639 310 793 384 sequatur,
820 310 889 383 post
911 326 1051 367 occasum
1074 300 1134 368 eins

128 415 273 472 apperens
290 398 323 454 in
342 397 423 455 caelo
442 396 662 472 clarissimeque
680 396 781 455 lucens
798 414 964 474 vesperugo
979 396 1136 473 vocitatis,

129 485 195 543 aliis
223 487 323 543 autem
349 485 531 561 temporibus
559 505 626 543 eum
653 488 842 544 antecurrens
870 488 900 543 et
920 479 925 564 1
946 485 1044 545 oriens
1068 489 1178 548 anteco

127 574 223 631 lucem
249 574 355 632 lucifer
381 574 558 649 appellatur.
605 593 639 631 ex
667 592 760 650 eoque
787 591 1013 650 nonnumquam
1035 575 1135 651 plures

128 661 189 721 dies
209 663 240 719 in
258 681 318 721 uno
337 663 422 740 signo
441 665 670 736 commorantur,
693 662 768 721 alias
787 661 909 721 celerius
927 663 1156 742 ingrediuntdrs

127 750 159 808 in
193 751 319 809 alterum
350 753 477 828 signum.
527 752 628 827 itaque
660 752 739 826 quod
771 769 831 809 non
863 769 957 827 aeque
989 756 1135 830 peragunt

126 859 282 897 numerum
300 840 414 898 dierum
432 841 464 898 in
482 841 608 918 singulis
627 839 728 916 signis,
751 841 896 914 quantum
915 843 986 899 sunt
1003 844 1134 901 moratae

129 921 132 1007 1
147 929 229 1003 prius
252 928 446 987 transiliendo
465 929 653 988 celerioribus
671 927 828 987 itineribus
846 928 1006 1003 perficiunt
1023 931 1134 989 iustum
1142 937 1186 993 221

126 1034 252 1075 cursum.
297 1018 341 1076 ito
372 1017 499 1076 efficitur
528 1017 574 1075 uti
603 1018 682 1092 quod
712 1017 900 1075 demorentur
926 1017 958 1074 in
984 1019 1135 1078 nonnullis

127 1104 228 1182 signis,
250 1105 343 1164 nihilo
366 1107 463 1166 minus
487 1125 555 1164 cum
577 1106 706 1181 eripiant
725 1124 755 1164 se
774 1106 811 1163 ab
830 1107 1008 1166 necessitate
1026 1126 1134 1181 morae,
1145 1128 1168 1167 u

90 1194 261 1255 sceleriter
287 1199 506 1271 consequantur
532 1195 643 1254 iustam
666 1194 906 1253 circumitionem.
952 1195 1012 1254 iter
1035 1200 1135 1255 autem

124 1281 157 1340 in
177 1279 181 1360 1
201 1283 310 1342 mundo
333 1284 472 1342 Mercurii
499 1284 586 1343 stella
607 1283 652 1342 ita
674 1283 836 1359 pervolitet
857 1283 905 1341 uti
927 1285 1133 1345 trecentesimo
1142 1296 1166 1346 (⁵)

126 1374 156 1429 et
178 1371 380 1448 sexagensimo
404 1373 451 1431 die
473 1392 527 1447 per
549 1371 702 1448 signorum
724 1372 822 1447 spatia
841 1389 961 1431 currens
980 1374 1134 1448 perveniet

125 1459 163 1517 ed
190 1460 221 1518 id
249 1461 366 1538 signum
394 1481 429 1519 ex
456 1480 515 1537 quo
541 1463 639 1536 priore
667 1459 889 1519 circumlatione
917 1462 1016 1536 eoepit
1038 1463 1133 1521 facere

125 1567 257 1623 cursum,
284 1552 315 1607 et
341 1549 385 1608 ita
413 1553 613 1625 peraequatur
640 1549 704 1609 eius
731 1549 788 1607 iter
810 1551 844 1607 ut
867 1550 984 1608 circiter
1007 1550 1133 1610 tricenos
1144 1569 1165 1610 ιε

89 1635 186 1698 odies
214 1637 246 1694 in
273 1637 398 1714 singulis
426 1638 518 1715 signis
545 1638 656 1697 habeat
679 1637 795 1696 numeri
817 1639 971 1697 rationem.
1009 1639 1131 1699 Veneris

124 1726 224 1782 autem
257 1743 324 1784 cum
355 1729 400 1785 est
430 1719 567 1810 libelrata
598 1726 636 1785 ab
662 1726 845 1803 inpeditione
872 1726 1025 1786 radiorum
1054 1728 1131 1803 solis,
1139 1737 1173 1789 (1⁰)

123 1831 186 1870 xxx
214 1813 315 1873 diebus
345 1816 492 1890 percurrit
515 1816 592 1893 signi
616 1815 755 1891 spatium.
802 1834 862 1891 quo
884 1817 982 1875 minus
1007 1817 1133 1892 quadra·

125 1920 215 1977 genos
234 1902 347 1962 diesin
366 1904 490 1982 singulis
509 1905 601 1982 signis
619 1905 742 1980 patitur,
766 1923 833 1963 oum
851 1905 1013 1963 stationem
1031 1905 1133 1965 fecerit

124 1991 257 2048 restituit
280 2010 346 2050 eam
368 2010 513 2052 summam
536 1993 653 2052 numeri
670 1993 702 2050 in
720 2011 778 2051 uno
798 1993 882 2070 signo
900 1996 1027 2052 morata.
1065 2013 1132 2072 ergo
1144 2013 1165 2052 u

123 2081 218 2137 totam
247 2081 470 2141 circinationem
499 2082 531 2141 in
560 2082 642 2140 caelo
673 2081 962 2158 quadringentesimo
994 2085 1025 2141 et
1054 2085 1132 2143 octo-

123 2168 256 2244 gensimo
284 2174 315 2230 et
342 2171 447 2246 quinto
475 2170 522 2230 die
548 2189 702 2247 permensa
724 2170 832 2229 iterum
852 2170 934 2244 linit
957 2171 1075 2248 signum
1099 2181 1173 2232 extol

72 2269 105 2318 10
124 2276 182 2332 quo
210 2258 295 2334 signo
323 2260 407 2334 prius
434 2260 494 2318 iter
519 2261 616 2319 facere
645 2259 749 2334 coepit
785 2258 891 2317 Martis
917 2277 988 2318 vero
1018 2259 1132 2319 circiter

123 2348 333 2406 sexcentesimo
352 2347 552 2425 octogensimo
570 2349 659 2407 tertio
678 2347 807 2429 siderum
825 2348 923 2423 spatia
941 2348 1130 2426 pervagando

122 2435 257 2508 pervenit
280 2454 314 2494 eo
339 2457 373 2495 ex
396 2457 455 2513 quo
479 2439 598 2495 initium
620 2436 755 2495 faciendo
778 2454 896 2495 cursum
918 2436 1033 2496 fecerat
1055 2440 1163 2512 entare

123 2525 153 2580 et
175 2525 207 2581 in
230 2524 337 2599 quibus
360 2525 452 2603 signis
476 2527 599 2585 celerius
617 2526 773 2600 percurrit,
796 2543 863 2583 cum
881 2526 1044 2584 stationem
1061 2527 1130 2585 fecit

123 2611 221 2685 explet
244 2612 358 2671 dierum
381 2615 493 2673 numeri
517 2615 672 2674 rationem.
712 2613 792 2673 Iovis
815 2615 916 2672 autem
936 2606 941 2694 1
961 2614 1171 2690 placidiori-‹o›

121 2698 176 2757 bus
199 2700 340 2776 gradibus
364 2704 506 2763 scandens
530 2706 632 2762 contra
654 2702 757 2760 mundi
779 2703 991 2779 versationem,
1016 2704 1130 2763 circiter

193 2928 208 2975 2
227 2940 381 3007 vesperugo
400 2928 451 2981 litt.
466 2943 529 2980 unc.
542 2942 593 2980 scr.
609 2924 635 2980 S.
650 2926 659 2994 11
674 2929 690 2977 5
708 2940 763 2977 uno
781 2926 928 3006 (11212118
946 2923 1055 2980 iustum
1072 2943 1130 2980 cnr·

122 3010 190 3047 sum.
227 2995 271 3049 Ita
290 2997 410 3051 efficitur
428 2997 500 3052 EG:
524 3013 575 3051 om.
594 2996 656 3051 Hs.
684 2997 693 3065 11
721 2997 967 3050 11crrcu1t10nem
984 3014 1013 3052 rc.
1044 3001 1048 3068 1
1076 2997 1130 3052 Iter

120 3071 200 3153 (iis)
215 3084 314 3141 use:
328 3085 400 3140 nem
409 3086 445 3140 n.
458 3087 468 3154 1
483 3091 516 3138 12
530 3082 696 3139 mercarier.
714 3082 939 3155 sescentesimo
950 3085 1055 3154 suen
1064 3085 1130 3157 211

122 3159 155 3206 13
174 3156 367 3224 sexagensimo
382 3156 425 3210 H:
445 3155 563 3225 ·gesimo
578 3156 638 3223 Es,
657 3153 789 3224 ·gessimo
806 3156 839 3211 G.
862 3157 871 3225 11
895 3161 929 3208 14
948 3156 1130 3212 circulatione

120 3242 148 3280 ω.
166 3228 176 3294 11
195 3231 227 3279 15
246 3229 372 3282 trecenos
386 3227 413 3283 S.
432 3229 441 3296 1
460 3232 493 3280 18
512 3243 567 3294 qno
582 3226 680 3282 HSG:
699 3231 747 3294 qni
761 3225 1129 3354 1211202113010121111ἓ1

120 3297 218 3352 EGS:
243 3302 368 3368 crgotam
386 3298 425 3352 Η.
453 3301 462 3368 11
489 3304 522 3352 21
547 3296 721 3351 circitionem
739 3299 796 3368 (ne
813 3298 849 3366 G)
867 3296 902 3350 H
905 3298 940 3365 G,
963 3297 1085 3354 circione
1121 3340 1130 3366 ,

85 3381 91 3393 ·
121 3366 314 3423 circuitionem
325 3371 360 3426 E.
373 3372 383 3439 11
397 3374 430 3422 22
441 3372 500 3496 Δ1241
511 3367 700 3438 octogensimo
710 3368 745 3422 H
748 3368 785 3423 G:
799 3367 988 3450 -gesimouES
995 3372 1043 3439 (24
1051 3371 1129 3426 aiom

123 3438 176 3507 G0).
194 3441 198 3510 1
213 3456 360 3509 permensa
374 3439 435 3494 EG
464 3464 471 3496 r
490 3455 639 3509 permensa
653 3439 692 3493 H.
709 3438 713 3511 1
729 3437 789 3492 rnid
804 3439 853 3509 (H,
871 3456 902 3493 m
920 3439 951 3493 1d
966 3439 1069 3512 EGS)
1081 3457 1107 3496 s.
1119 3439 1129 3511 11

120 3513 155 3561 24
174 3511 370 3565 sescentesimo
385 3511 477 3581 Hffic,
497 3527 568 3564 sexo.
583 3509 687 3579 EGS).
