2416 3922
24 975 94 1032 2ῧῖΙ
158 968 203 1027 De
218 967 292 1026 artis
306 966 552 1045 architectonicae
565 965 676 1042 peritia
688 967 785 1024 multa
799 967 932 1026 oratione
946 967 1101 1027 Vitruvius

90 1057 176 1117 Polio
205 1056 316 1131 aliique
348 1058 484 1115 auctores
511 1055 706 1115 scientissime
734 1055 884 1131 scripsere.
929 1076 1034 1115 verum
1064 1075 1101 1114 ne

90 1147 182 1224 longa
214 1164 316 1205 eorum
348 1143 517 1220 disertaque
555 1144 696 1203 facundia
731 1144 938 1203 humilioribus
974 1144 1102 1223 ingeniis

92 1235 224 1294 alienum
246 1235 357 1293 faceret
380 1233 520 1308 studium,
542 1252 637 1309 pauca
660 1252 696 1292 ex
717 1233 763 1292 his
786 1233 927 1293 mediocri
949 1233 1020 1293 licet
1043 1253 1102 1293 ser·

66 1342 179 1384 amone
197 1323 323 1398 privatis
344 1318 348 1401 Ι
369 1321 470 1380 usibus
484 1321 620 1380 ordinare
638 1322 697 1380 fuit
711 1321 874 1381 consilium.
912 1341 988 1398 quae
1000 1325 1102 1398 partes

90 1413 194 1488 itaque
218 1412 293 1470 caeli
316 1412 346 1470 et
368 1411 504 1487 regiones
526 1414 684 1470 ventorum
706 1411 838 1471 salubres
863 1411 1003 1471 aedificiis
1021 1412 1102 1471 vide·

91 1504 181 1560 antur
204 1502 234 1559 et
257 1519 316 1575 qua
339 1499 504 1558 subtilitate
527 1500 626 1560 nocivi
648 1500 736 1560 flatus
754 1503 929 1560 avertantur
945 1499 1103 1576 aditusque

91 1592 251 1649 ianuarum
273 1592 303 1647 et
325 1589 439 1647 lumina
461 1589 598 1648 fenestris
620 1589 736 1648 utiliter
757 1590 936 1664 tribuantur,
960 1590 1103 1667 quibusve

91 1679 238 1738 mensuris
261 1677 463 1736 aedificiorum
489 1677 623 1737 membra
650 1678 853 1753 disponantur,
880 1679 987 1754 quibus
1011 1679 1103 1756 signis

56 1788 81 1826 io
92 1767 192 1827 tenuis
229 1766 441 1843 abundansque
474 1787 552 1843 aqua
572 1762 576 1846 l
596 1767 780 1843 inveniatur,
812 1768 871 1825 alia
904 1769 995 1826 etiam
1028 1787 1104 1843 quae

93 1855 270 1916 aedificandi
297 1856 395 1933 gratia
423 1856 497 1916 scire
521 1859 639 1932 oportet
666 1856 750 1916 brevi
772 1856 981 1933 succinctaque
1004 1876 1104 1915 narra·

93 1946 176 2004 tione
198 1963 364 2022 cognosces.

159 2032 259 2092 Primo
283 2053 352 2111 crgo
377 2052 452 2109 quae
474 2032 621 2109 principia
634 2033 673 2090 ad
687 2033 915 2092 architecturam
927 2034 1075 2110 pertinere
1129 2043 1147 2082 1·
1165 2043 1200 2084 ne

93 2122 221 2182 debeant
237 2122 369 2183 studiose
383 2122 535 2182 attendere
549 2124 693 2183 convenit.
730 2121 829 2180 omnia
852 2126 931 2183 enim
953 2123 1075 2197 pulchro
1090 2096 1203 2190 ,ffiffl

57 2231 81 2272 is
94 2211 199 2271 decore
222 2230 257 2270 ac
278 2215 404 2270 venusta
426 2212 558 2270 utilitate
580 2211 645 2271 fieri
667 2213 821 2289 poterunt,
844 2213 870 2270 si
895 2215 964 2272 ante
987 2211 1074 2268 huius
1097 2203 1203 2284 ‘3⁰²⁰”1'

44 2294 327 2378 ‹1oartislperitus
356 2300 427 2358 ordo
455 2301 594 2359 discatur.
640 2321 710 2360 nam
737 2300 953 2361 architecturae
979 2302 1080 2376 partes
1093 2274 1152 2315 Μ’
1167 2277 1206 2326 ¹'

95 2393 166 2450 sunt
188 2392 264 2463 octo,
286 2409 362 2464 quae
385 2392 454 2449 sunt
477 2389 639 2466 ordinatio,
662 2388 827 2466 dispositio,
849 2393 1003 2463 venustas,
1024 2407 1105 2448 men·

95 2497 178 2552 sura,
205 2477 391 2553 distributio,
419 2478 599 2553 aedificatio,
626 2479 805 2552 conlocatio,
832 2479 1020 2538 machinatio.
1071 2497 1107 2536 ex

95 2567 142 2626 his
167 2565 272 2625 Graeci
300 2567 431 2642 quinque
457 2568 610 2627 vocabulis
642 2568 775 2628 studium
802 2568 1016 2627 architecturae
1044 2586 1106 2627 esse

57 2677 83 2716 ao
96 2654 270 2715 docuerunt.
319 2676 390 2715 nam
418 2656 635 2716 ordinationem
662 2659 762 2731 ταέιν,
791 2656 1014 2733 dispositionem
1042 2657 1105 2716 δια-

44 2756 86 2809 (20)
96 2747 190 2818 θεειν,
204 2747 391 2804 venustatem
411 2739 415 2823 Ι
436 2747 467 2804 et
480 2745 615 2805 decorem
629 2749 807 2820 ευρυθμιαν,
821 2746 1009 2805 modulorum
1025 2764 1105 2804 men·

97 2851 181 2893 suras
199 2849 396 2908 cupuerprav,
416 2833 655 2894 distributionem
673 2851 857 2906 οικονομιαν
872 2834 1106 2911 appellaverunt.

97 2922 246 2981 ordinatio
275 2925 320 2981 est
347 2941 417 3001 ergo
444 2923 644 2983 membrorum
670 2923 838 2999 dispositio,
871 2926 902 2982 et
929 2924 1045 2982 constat
1072 2942 1108 2981 ex

30 3018 87 3075 288
96 3011 276 3086 quantitate,
300 3030 390 3087 quam
408 3011 514 3071 Graeci
533 3006 537 3090 l
559 3028 719 3086 ποεοτητα
737 3016 853 3071 vocant.
891 3012 1043 3087 quantitas
1063 3013 1107 3069 est

58 3117 84 3159 ao
97 3098 203 3158 modus
226 3099 410 3176 singulorum
432 3101 630 3161 membrorum
654 3101 791 3160 universo
814 3101 993 3177 respondens
1017 3098 1107 3175 operi.

99 3186 255 3263 dispositio
278 3191 324 3247 est
347 3193 418 3266 apta
440 3189 527 3249 rebus
551 3190 735 3249 conclavium
761 3189 925 3264 institutio,
953 3191 983 3248 et
1011 3189 1108 3263 operis

98 3277 193 3336 futuri
222 3277 318 3336 forma
344 3277 438 3336 tribus
464 3279 569 3355 figuris
596 3279 704 3353 divisa,
737 3297 812 3355 quae
840 3297 859 3337 a
887 3277 1006 3336 Graccis
1039 3278 1108 3337 ιδεα

60 3374 90 3428 (5)
100 3366 279 3442 appellatur.
328 3367 401 3426 haec
427 3370 497 3426 sunt
526 3386 596 3445 ergo
623 3371 683 3427 tres
704 3362 708 3446 Ι
728 3367 852 3445 figurae,
885 3367 1108 3445 ichnographia,

99 3455 328 3532 orthographia,
354 3457 576 3533 scenographia.
625 3456 839 3535 ichnographia
871 3459 916 3516 est
946 3475 1033 3517 areae
1060 3458 1109 3517 vel
