2416 3922
307 176 355 230 DE
374 174 653 232 ARCHITECTURA
670 175 737 232 ΠΒ.
756 176 789 246 V,
809 181 825 229 6
1007 176 1068 240 1Ῑῖ

58 327 170 404 pusillo
190 330 221 386 et
237 327 270 386 in
287 345 396 404 magno
415 327 533 386 theatro
550 345 669 386 necesse
687 330 733 386 est
747 327 850 385 eadem
863 327 1071 403 magnitudine

10 416 126 482 lsfieri
148 407 282 498 prolpter
304 434 405 490 usum,
429 415 475 474 uti
498 415 608 492 gradus
632 415 799 474 diacomata
821 416 940 491 pluteos
962 415 1072 475 itinera

59 511 198 565 ascensus
220 504 338 581 pulpita
360 504 523 564 tribunalia
546 507 577 562 et
599 504 625 563 si
647 524 706 581 qua
730 504 789 562 alia
810 505 1011 565 intercurrunt
1035 524 1071 563 ex

58 593 169 671 quibus
194 593 360 653 necessitas·
381 592 462 670 cogit
489 592 636 652 discedere
664 592 700 651 ab
724 594 897 669 symmetria
923 613 960 651 ne
989 594 1072 668 inpe-

31 682 162 743 odiatur
183 700 263 742 usus.
299 701 359 742 non
382 682 480 740 minus
507 681 533 740 si
551 701 610 757 qua
625 681 775 759 ,exigaritas
794 683 954 758 copiarum,
977 682 1073 741 idest

19 782 48 835 (ὃ)
57 770 230 846 marmoris,
256 762 409 852 malteriae
431 770 675 846 reliquarumque
697 790 796 829 rerum
818 791 894 847 quae
918 773 1072 846 parantur,

56 860 90 919 in
114 879 204 936 opere
225 859 330 934 fuerit,
357 859 479 935 paulum
507 859 622 918 demere
646 861 700 918 aut
722 859 849 935 adicere,
877 860 950 917 dum
975 860 1008 917 id
1033 879 1071 918 ne

57 949 187 1007 nimium
217 946 340 1024 inprobe
370 947 424 1006 fiat
451 948 503 1006 sed
529 967 595 1006 cum
623 966 723 1022 sensu,
754 966 814 1006 non
846 949 903 1006 erit
934 948 1070 1007 alienum

56 1037 115 1096 hoc
144 1039 245 1095 autem
272 1037 329 1095 erit
351 1036 376 1094 si
400 1036 579 1095 architectus
603 1037 660 1095 erit
681 1054 737 1094 usu
761 1037 889 1112 peritus,
916 1040 1072 1111 praeterea

18 1146 44 1186 ro
56 1126 180 1203 ingenio
203 1125 307 1184 mobili
330 1125 520 1200 sollertiaque
543 1144 603 1183 non
625 1125 718 1184 fuerit
739 1125 888 1183 viduatus.

10 1226 49 1274 tro)
129 1205 237 1296 {Ipsae
260 1216 362 1273 autem
384 1231 506 1272 scaenae
529 1232 597 1273 suas
619 1213 731 1272 habent
755 1213 885 1272 rationes
909 1214 1072 1289 explicatas
1090 1231 1106 1278 8

57 1303 104 1362 ita
126 1302 175 1361 uti
196 1301 311 1361 mediae
333 1302 438 1361 valvae
462 1305 584 1361 ornatus
606 1301 736 1361 habeant
759 1303 845 1361 aulae
867 1301 978 1378 regiae,
1004 1303 1071 1360 dex-

57 1395 108 1451 tra
127 1410 161 1451 ac
180 1391 301 1450 sinistra
322 1391 492 1467 hospitalia,
515 1391 677 1450 secundum
695 1393 796 1450 autem
813 1391 911 1467 spatia
930 1391 968 1449 ad
987 1411 1071 1450 orna-

56 1483 108 1539 tns
133 1482 314 1555 comparata,
337 1499 413 1555 quae
436 1480 502 1539 loca
521 1479 626 1538 Graeci
648 1497 837 1554 περιακτου(
860 1480 962 1539 dicunt
982 1479 1018 1538 ab
1038 1500 1071 1539 eo

16 1589 43 1631 rs
57 1569 141 1645 quod
163 1568 317 1626 machinae
340 1572 411 1627 sunt
433 1568 464 1627 in
482 1567 529 1627 his
546 1569 619 1627 locis
637 1569 791 1628 versatiles
808 1569 945 1646 trigonoe
962 1569 1070 1627 haben-

11 1661 104 1718 rotas
129 1648 273 1739 sinlgulae
295 1659 357 1716 tres
379 1657 490 1732 species
514 1658 691 1732 ornationis,
717 1677 792 1733 quae
816 1676 882 1716 cum
906 1661 960 1717 aut
986 1658 1070 1716 fabu-

56 1747 159 1805 larum
181 1746 360 1804 mutationes
384 1748 453 1804 sunt
474 1745 592 1804 futurae
616 1765 667 1806 seu
690 1746 812 1805 deorum
836 1747 981 1806 adventus
1004 1766 1071 1805 curn

56 1833 223 1894 tonitribus
248 1835 424 1910 repentinis,
447 1836 603 1893 versentur
629 1837 806 1912 mutenmue
833 1836 961 1912 speciem
984 1855 1069 1895 orna-

56 1922 152 1983 tionis
182 1922 214 1980 in
246 1923 352 1982 fronte.
398 1923 562 1981 secundum·
587 1943 623 1982 ea
649 1925 715 1983 loca
739 1943 877 1984 versurae
905 1926 975 1984 sunt
1002 1944 1069 2000 pro-

15 2033 43 2072 ao
57 2014 222 2086 currentes,
247 2030 322 2097 quae
346 2011 479 2070 efficiunt
500 2031 561 2070 una
579 2032 597 2070 a
614 2013 688 2086 foro,
711 2012 807 2072 altera
825 2033 842 2072 a
862 2032 985 2090 peregre
1008 2013 1070 2070 adi-

10 2113 45 2166 no)
56 2102 110 2160 tus
125 2100 157 2158 in
176 2118 320 2159 scaenam.
358 2119 466 2177 genera
481 2092 485 2182 Ι
502 2103 602 2159 autem
620 2105 689 2160 sunt
707 2119 880 2160 scaenarum
893 2101 961 2176 tria,
979 2121 1070 2158 unum
1090 2115 1105 2162 9

58 2189 144 2265 quod
166 2188 276 2248 dicitur
298 2189 459 2265 tragicum,
487 2191 615 2248 alterum
638 2189 795 2264 comicum,
818 2190 943 2248 tertium
965 2190 1071 2264 satyri·

57 2297 137 2338 cum.
182 2277 289 2336 horum
316 2281 418 2336 autem
444 2280 566 2336 ornatus
594 2280 664 2336 sunt
691 2278 770 2336 inter
797 2296 827 2336 se
855 2277 991 2335 dissimili
1014 2277 1071 2335 dis·

56 2366 188 2443 parique
215 2366 343 2441 ratione,
375 2366 456 2442 quod
482 2367 614 2444 tragicae
642 2367 844 2425 deformantur
872 2365 1014 2424 columnis
1042 2369 1073 2424 et

14 2476 42 2517 as
56 2454 193 2532 fastigiis
225 2458 255 2513 et
286 2455 379 2532 signis
410 2455 592 2531 reliquisque
623 2454 772 2531 regalibus
806 2454 908 2528 rebus,
944 2453 1072 2512 comicae

10 2557 46 2604 1⁵)
58 2545 164 2602 autem
191 2542 392 2602 aedificiorum
423 2544 610 2619 privatorum
636 2546 667 2602 et
698 2534 930 2625 maelnianornm
961 2541 1072 2602 habent

58 2632 191 2708 speciem
212 2634 446 2708 prospectusque
464 2632 602 2691 fenestris
621 2632 780 2707 dispositos
797 2632 975 2707 imitatione,
993 2650 1070 2691 com·

56 2721 197 2779 munium
224 2719 424 2802 aedificiorum
450 2721 629 2796 rationibus,
656 2721 801 2796 satyricae
828 2740 898 2781 vero
927 2725 1072 2780 ornantur

58 2808 216 2869 arboribus
239 2810 387 2883 speluncis
414 2808 565 2868 montibus
587 2809 768 2885 reliquisque
795 2809 959 2886 agrestibus
981 2810 1070 2868 rebus

12 2920 41 2960 ao
55 2898 89 2956 in
111 2897 242 2972 topiodis
265 2898 392 2973 speciem
415 2898 593 2957 deformatis

132 3107 148 3154 2
168 3101 330 3157 diacumata
347 3121 376 3156 x.
407 3105 429 3227 ql
448 3107 464 3156 3
486 3101 582 3170 qualia
601 3101 627 3157 S.
659 3105 669 3171 ΙΙ
702 3109 716 3155 7
735 3102 832 3158 fueritz
856 3101 997 3157 defuerint
1014 3119 1041 3155 ec.
1060 3100 1070 3173 ll

58 3178 94 3230 10
112 3171 204 3227 nobili
218 3173 245 3229 S.
268 3175 278 3243 ΙΙ
301 3178 333 3227 11
354 3189 407 3243 exp
421 3173 502 3227 ‘citas
519 3191 547 3227 ec.
571 3174 580 3242 ΙΙ
604 3178 637 3226 14
655 3172 795 3243 periactus
813 3191 841 3229 a.
862 3176 872 3244 ΙΙ
893 3179 926 3227 15
944 3171 1070 3241 trigonoe

57 3243 126 3311 HS,
143 3243 270 3314 trigones
290 3244 323 3299 G.
342 3246 352 3314 ll
371 3250 404 3298 16
423 3243 564 3313 singulae:
585 3243 729 3314 insingula
745 3263 773 3300 a.
790 3249 794 3313 Ι
811 3242 1019 3311 ornationisque
1035 3242 1070 3309 G,

58 3330 178 3383 -nesqne
192 3314 319 3385 ΗΒΘ).
338 3317 352 3385 ll
367 3321 400 3369 17
418 3314 585 3369 mutationis
600 3315 634 3369 H
649 3317 721 3385 (nes
738 3316 808 3386 GS).
824 3318 881 3386 ll18
899 3313 1070 3384 repentinise

57 3388 226 3441 aversentur
239 3387 279 3448 Η,
297 3386 452 3456 repentinis
471 3403 505 3440 ea
523 3389 668 3440 versentur
687 3386 743 3442 GS.
771 3388 781 3456 11
809 3392 842 3440 19
861 3385 996 3440 infrontes
1014 3403 1042 3442 c.
1061 3383 1071 3457 ll

57 3463 93 3515 26
111 3457 325 3512 moenianorum
338 3458 371 3511 H
375 3458 402 3514 S.
420 3460 430 3528 ΙΙ
448 3462 481 3512 27
500 3457 641 3527 profectus
659 3474 687 3512 a.
707 3458 716 3527 ΙΙ
734 3463 768 3511 30
786 3455 931 3525 intopeodi
950 3455 1075 3526 speciemv

57 3531 97 3601 (d
114 3527 180 3598 GS)
200 3526 350 3583 deformati
366 3547 394 3584 a.
