2416 3922
104 161 167 226 122
524 159 688 215 VITRUVII

103 331 138 372 ex
161 311 253 372 oculis
275 331 408 372 umorem
431 329 569 386 erassum,
593 310 688 368 aciem
709 312 829 368 tenuem
852 312 882 369 et
905 312 1026 368 acutam
1048 326 1110 386 spe·

102 402 177 460 ciem
198 401 350 476 relinquit.
371 395 375 479 Ι
395 403 550 476 praeterea
571 418 639 458 curn
663 416 769 474 corpus
792 397 973 458 motionibus
996 397 1030 456 in
1051 408 1150 460 am-(wl

101 489 254 548 bulatione
277 490 418 564 calescat,
444 506 562 548 umores
586 507 621 546 ex
643 486 781 545 membris
804 505 856 553 aer
878 486 1047 564 exsugendo
1068 487 1110 544 in·

101 579 211 637 minuit
232 578 391 653 plenitates
418 580 618 653 extenuatque
645 575 816 650 dissipando
840 575 919 652 quod
945 575 1014 651 plus
1036 575 1111 634 inest

67 683 83 730 6
104 686 194 742 qnam
216 685 321 742 corpus
344 670 443 742 potest
465 667 617 725 sustinere.
663 665 719 725 hoc
742 667 843 723 autem
865 665 910 723 ita
933 681 996 723 esse
1020 683 1056 722 ex
1077 682 1132 724 eos

101 755 171 814 licet
201 755 449 829 animadvertere,
479 754 559 831 q'uod
586 752 639 813 sub
666 753 754 812 tectis
781 772 850 811 cum
876 752 938 811 sint
966 771 1110 829 aquarum

101 845 197 903 fontes
221 847 273 902 aut
296 844 387 902 etiam
410 842 464 902 sub
486 846 567 902 terra
587 837 592 921 Ι
611 841 756 918 palustris
783 841 980 917 abundantia,
1009 861 1045 900 ex
1066 841 1151 903 hatur

101 932 201 992 nullus
225 933 321 1010 surgit
343 951 430 991 umor
456 931 628 1005 nebulosus,
655 931 760 990 sedin
788 929 899 1006 apertis
924 930 1109 1006 hypaethris·
1159 930 1162 935 ’

102 1041 160 1096 que
174 1021 246 1081 locis
261 1040 327 1080 cum
343 1023 388 1080 sol
407 1021 504 1082 oriens
521 1039 632 1096 vapore
650 1022 758 1097 tangat
775 1018 926 1094 mundum,
950 1038 986 1077 ex
1003 1018 1109 1078 umidis

102 1114 132 1168 et
163 1110 383 1169 abundantibus
415 1110 525 1169 excitat
555 1127 671 1168 umores
704 1110 734 1167 et
766 1107 958 1185 conglobatos
985 1108 1019 1165 in
1046 1107 1142 1167 alti-ro

101 1199 235 1257 tudinem
256 1200 346 1258 tollit.
388 1218 457 1276 ergo
481 1199 506 1258 si
525 1198 569 1256 ita
591 1197 711 1258 videtur
733 1196 779 1255 uti
796 1197 828 1254 in
846 1196 1021 1273 hypaethris
1041 1197 1110 1255 locis

102 1286 138 1346 ab
175 1307 243 1346 aere
274 1305 392 1346 umores
425 1308 460 1346 ex
496 1286 667 1362 corporibus
699 1277 890 1368 exsufgantur
919 1285 1152 1360 molestioresltll

102 1376 352 1451 quemadmodum
375 1396 410 1434 ex
436 1380 516 1435 terra
539 1395 592 1451 per
619 1374 743 1434 nebulas
765 1365 925 1456 vildentur,
952 1392 1014 1433 non
1041 1377 1162 1450 putoltl

101 1465 225 1523 dubium
248 1484 310 1524 csse
334 1465 408 1540 quin
431 1463 629 1540 amplissimas
653 1467 683 1522 et
706 1462 910 1521 ornatissimas
933 1461 1043 1520 subdiu
1060 1463 1110 1538 hy-

100 1554 300 1628 paethrusque
320 1554 466 1611 conlocari
485 1555 622 1628 oporteat
639 1553 670 1609 in
694 1551 866 1611 civitatibus
885 1550 1109 1610 ambulationes.
1121 1567 1143 1610 rs

69 1656 83 1703 '1
104 1660 155 1700 cae
179 1644 280 1700 autem
301 1642 347 1700 uti
370 1641 430 1700 sint
453 1661 568 1716 semper
591 1643 684 1725 siccae
708 1644 738 1699 et
760 1659 820 1699 non
842 1640 967 1716 lutosae,
991 1640 1034 1699 sic
1057 1639 1111 1699 erit

101 1730 278 1788 faciendum.
323 1730 477 1790 fodiantur
509 1733 539 1789 ct
571 1729 779 1789 exinaniantur
809 1747 900 1805 quam
927 1723 930 1806 l
959 1728 1142 1788 alussimeu)

102 1819 205 1877 dextra
228 1821 317 1894 atquc
340 1818 461 1878 sinistra
484 1819 632 1878 structiles
656 1818 776 1877 cloacae
799 1817 875 1876 fiant
896 1816 986 1893 inque
1010 1836 1111 1877 earum

101 1907 266 1981 parietibus
294 1906 346 1983 qui
375 1908 414 1966 ad
440 1907 673 1967 ambulationem
700 1906 912 1983 spectaverint,
942 1905 1043 1964 tubuli
1067 1906 1110 1964 in·

101 1997 256 2054 struantur
277 1996 414 2055 inclinati
435 1996 557 2074 fastigio
579 1996 612 2054 in
634 1997 758 2055 cloacas.
802 1995 849 2054 his
872 1994 1012 2070 perfectis
1036 2010 1143 2055 com-n

101 2085 240 2159 pleantur
264 2104 299 2144 ea
321 2086 387 2143 loca
411 2084 594 2160 carbonibus,
622 2084 728 2143 deinde
750 2083 872 2158 insuper
894 2083 1038 2142 sabulone
1061 2102 1110 2142 cae

101 2172 317 2233 ambulationes
336 2177 506 2232 sternantur
524 2177 554 2232 et
574 2175 783 2248 exaequentur.
823 2172 867 2231 ita
888 2173 1014 2247 propter
1031 2163 1035 2255 l
1050 2180 1152 2232 car-(1⁰)

100 2261 210 2321 bonum
232 2262 394 2321 raritatem
410 2264 579 2321 naturalem
606 2265 636 2321 et
662 2261 837 2320 tubulorum
863 2262 895 2318 in
923 2261 1041 2320 cloacas
1068 2261 1109 2319 in·

100 2352 293 2410 structionem
311 2352 496 2428 excipientur
514 2369 660 2427 aquarum
678 2349 886 2424 abundantiae,
906 2352 936 2407 et
954 2349 1000 2408 ita
1018 2349 1110 2409 siccae

101 2440 132 2497 et
154 2441 217 2498 sine
239 2459 341 2499 umore
363 2441 511 2516 perfectae
533 2439 645 2498 fuerint
668 2438 893 2498 ambulationes.
1121 2454 1142 2496 ss

66 2541 82 2589 8
166 2527 325 2587 Praeterea
347 2530 379 2587 in
401 2530 447 2587 his
475 2527 613 2604 operibus
636 2527 768 2587 thesauri
793 2529 862 2586 sunt
885 2526 1058 2586 civitatibus
1079 2527 1110 2585 in

101 2616 274 2674 necessariis
296 2618 383 2676 rebus
413 2637 431 2676 a
457 2617 620 2676 maioribus
648 2615 812 2676 constituti.
856 2614 889 2672 in
917 2616 1109 2676 conclusioni·

101 2704 157 2762 bus
182 2700 185 2783 l
211 2705 290 2763 enim
311 2705 419 2782 reliqui
442 2725 543 2765 omnes
565 2706 713 2764 faciliores
737 2707 806 2763 sunt
833 2707 996 2780 apparatus
1020 2710 1152 2780 quamue

100 2792 258 2870 lignorum.
300 2796 344 2853 sal
368 2795 446 2853 enim
468 2795 555 2853 facile
579 2798 648 2854 ante
670 2795 848 2868 inportatam,
869 2793 1021 2852 frumenta
1039 2793 1110 2869 pub-

172 3021 187 3069 2
198 3015 332 3084 relinquit
342 3017 380 3071 G:
394 3015 540 3085 reliqnitld
550 3015 595 3084 Η)
607 3015 639 3068 H
642 3015 669 3071 S.
672 3017 694 3141 p
707 3021 722 3069 3
738 3014 896 3083 exsugendo
906 3015 953 3084 (G,
963 3014 1109 3086 exugendo

101 3087 157 3156 H):
176 3087 301 3141 exuendo
316 3086 343 3141 S.
363 3089 372 3157 Η
389 3091 407 3139 4
426 3089 614 3154 extenuatque
631 3087 671 3156 G(
694 3089 726 3156 ο);
746 3085 945 3154 extenuatique
959 3086 994 3138 H
1004 3093 1031 3141 et
1050 3092 1110 3142 aaa

100 3175 154 3213 raa
170 3158 197 3214 S.
223 3160 233 3227 ss
261 3163 294 3211 10
314 3157 523 3212 abundantibus
541 3159 601 3228 (L)':
621 3157 689 3211 -tius
703 3156 739 3211 H
752 3163 778 3212 et
795 3159 854 3226 (qai
872 3173 922 3210 om.
942 3158 982 3225 et)
1000 3157 1027 3212 S.
1054 3157 1058 3228 Ι
1082 3158 1110 3212 et

100 3228 612 3370 fint¹⁰lfltt⁶alt¹rlthtfll
632 3233 675 3366 t}
693 3226 924 3368 flagitii?
953 3229 1111 3354 atat

95 3387 126 3440 p.
141 3375 185 3438 rr,
195 3376 220 3425 6.
239 3373 284 3438 rs,
293 3375 318 3425 r.
338 3375 383 3454 rc,
393 3374 419 3424 ⁷.
438 3375 502 3439 177,
510 3375 557 3438 ao,
578 3342 677 3452 naqa]
691 3343 739 3424 P'r.
755 3388 785 3439 p.
797 3341 873 3437 tac
890 3369 949 3439 etc.)
971 3371 981 3439 n
1006 3341 1039 3424 re
1061 3341 1110 3425 eae

101 3441 193 3509 (eeG,
212 3457 244 3515 ee
263 3441 334 3511 SG0)
352 3458 392 3497 sec
409 3459 436 3496 x.
467 3445 476 3512 ll
506 3447 540 3495 20
559 3440 663 3495 cloacrs
680 3459 708 3496 a.
738 3442 748 3510 ΙΙ
777 3446 810 3494 21
834 3439 968 3496 eaeHS:
992 3440 1029 3514 hp
1051 3441 1083 3498 G.
1100 3439 1111 3512 ΙΙ

101 3516 135 3564 26
153 3512 297 3566 thensauri
315 3531 342 3568 a.
364 3515 373 3582 ss
394 3518 427 3567 27
447 3530 464 3566 a
482 3511 648 3567 maioribus:
667 3511 809 3566 amoribus
827 3529 855 3566 a.
