2416 3922
123 163 191 227 -280
549 161 714 216 VITRUVII
816 168 819 174 '

123 317 213 374 nocte
231 314 353 389 profusa
371 313 484 387 fuisset,
505 306 509 391 l
529 315 648 388 postero
667 311 715 370 die
732 311 877 388 helepolis
896 313 1041 372 accedens
1059 315 1184 376 ante-(¹⁵)

125 422 217 478 quam
240 401 494 477 adpropinquaret
517 402 556 460 ad
577 421 704 475 murum,
726 402 758 458 in
776 400 877 460 umido
895 402 1042 479 voragine
1061 402 1141 461 facta

125 491 259 550 consedit
286 509 340 549 nec
367 490 506 567 progredi
532 508 587 548 nec
613 490 729 567 regredi
757 493 861 565 postea
883 490 993 566 potuit.
1040 491 1141 566 itaque

126 579 294 638 Demetrius
324 598 392 637 cum
418 579 542 639 vidisset
571 579 718 654 sapientia
744 578 887 657 Diogneti
919 598 951 638 se
983 579 1142 656 deceptum

90 685 107 734 8
126 687 198 743 esse,
221 687 288 727 cum
311 668 404 727 classe
427 685 480 726 sua
503 668 646 727 discessit.
691 671 761 726 tunc
784 667 894 727 Rhodii
915 667 1064 746 Diogneti
1085 669 1164 729 sol-s

125 757 215 816 lertia
237 757 358 815 liberati
378 756 457 815 bello
480 755 598 831 publice
621 757 733 834 gratias
754 751 758 833 l
779 760 903 834 egerunt
919 758 1142 834 honoribusque
1149 767 1184 820 (²⁰)

126 846 262 905 omnihus
286 865 353 904 eum
371 848 402 904 et
420 845 601 904 ornamentis
621 848 844 904 exornaverunt.
883 844 1054 924 Diognetus
1078 865 1141 906 eam

125 934 287 1010 helepolim
313 933 430 993 reduxit
457 935 489 991 in
517 934 620 993 urbem
647 937 678 992 et
704 935 736 991 in
762 933 882 1010 publico
911 935 1084 995 conlocavit
1114 937 1142 994 et

125 1023 277 1099 inscripsit
300 1017 477 1099 ‘Diognetus
501 1042 516 1081 e
539 1022 687 1081 manubiis
705 1023 737 1081 id
757 1016 761 1101 l
781 1023 892 1099 populo
910 1023 995 1082 dedit
1012 1018 1193 1087 monastice

125 1113 170 1171 ita
192 1114 224 1171 in
246 1112 464 1190 repugnatoriis
487 1111 573 1170 rebus
592 1130 651 1170 non
668 1114 788 1170 tantum
805 1112 961 1171 machinae
980 1113 1034 1172 sed
1052 1113 1142 1172 etiam
1153 1133 1175 1172 ro

125 1202 255 1260 maxime
278 1199 402 1260 consilia
425 1204 496 1260 sunt
519 1200 727 1276 comparanda.

90 1308 107 1358 9
192 1291 262 1349 Non
284 1290 382 1348 minus
405 1288 479 1348 Ohio
502 1309 569 1349 cum
587 1308 677 1365 supra
695 1308 786 1348 naves
805 1288 1016 1349 sambucarum
1033 1289 1141 1349 machi·

126 1398 181 1438 nas
213 1380 313 1439 hostes
346 1379 612 1454 comparavissent,
643 1381 733 1437 noctu
762 1377 829 1437 chii
859 1381 972 1438 terram
1000 1380 1140 1439 harenam

126 1459 251 1550 lapildes
269 1469 480 1544 progesserunt
497 1467 529 1525 in
547 1485 629 1525 mare
648 1470 718 1527 ante
735 1487 861 1525 murum.
893 1468 938 1526 ita
956 1467 1004 1527 illi
1023 1472 1139 1545 postero
1148 1479 1171 1531 (⁵)

126 1557 175 1615 die
208 1576 274 1615 cum
306 1556 443 1614 accedere
470 1556 647 1630 voluissent,
678 1574 769 1616 nares
799 1575 889 1632 supra
916 1558 1140 1634 aggerationem
1151 1575 1171 1617 s

125 1663 204 1720 quae
231 1646 332 1702 fuerat
359 1645 413 1704 sub
441 1663 521 1720 aqua
549 1645 688 1704 sederunt
713 1664 767 1704 nec
791 1645 830 1703 sd
855 1664 976 1704 murum
1002 1647 1139 1706 accedere

125 1752 182 1792 nec
204 1735 350 1792 retrorsus
373 1751 404 1792 se
427 1734 557 1810 recipere
579 1736 751 1810 potuerunt,
773 1734 824 1792 sed
845 1732 888 1792 ibi
905 1735 1057 1795 malleolis
1076 1753 1139 1794 con·

126 1821 202 1880 fixae
230 1821 365 1880 incendio
394 1825 463 1880 sunt
491 1823 698 1899 conflagratae.
743 1822 906 1898 Apollonia
932 1842 1055 1900 quoque
1077 1843 1139 1883 cum

128 1901 400 1992 circumsedelretur
422 1914 453 1970 et
475 1929 578 1987 specus
600 1912 701 1971 hostes
723 1910 862 1971 fodiendo
886 1912 1058 1988 cogitarent
1079 1912 1178 1972 sinetur

127 1999 295 2075 suspicione
318 2000 398 2057 intra
420 2001 538 2059 moenia
560 2003 729 2076 penetrare,
756 2000 788 2058 id
810 2003 911 2059 autem
934 2019 953 2059 a
976 2002 1170 2077 speculato-a

126 2087 208 2148 ribus
236 2090 314 2148 esset
335 2087 578 2163 Apolloniatibus
603 2089 820 2164 renuntiatum,
846 2089 1017 2165 perturbati
1039 2091 1138 2149 nuntio

126 2181 250 2253 propter
280 2178 419 2236 timorem
451 2179 582 2237 consiliis
618 2178 784 2254 indigentes
817 2178 924 2238 animis
958 2178 1138 2253 deficiebant,

129 2266 209 2342 quod
240 2285 336 2342 neque
363 2269 480 2341 tempus
507 2285 602 2342 neque
630 2269 743 2325 certum
769 2266 868 2325 locum
895 2267 971 2326 scire
1003 2269 1139 2344 poterant

77 2370 112 2419 10
132 2374 190 2431 quo
214 2373 359 2414 emersum
381 2356 491 2413 facturi
511 2347 515 2435 Ι
534 2355 661 2415 fuissent
686 2355 795 2415 hostes.
839 2358 905 2414 tum
927 2375 999 2416 vero
1023 2357 1137 2433 Trypho
1145 2363 1177 2415 llil

128 2443 349 2502 Alexandrinus
372 2442 414 2501 ibi
436 2445 535 2503 fuerat
558 2443 745 2503 architectus.
785 2445 811 2504 is
833 2444 915 2503 intra
937 2465 1058 2504 murum
1078 2445 1169 2522 plu-s

127 2551 176 2591 res
204 2551 307 2608 specus
334 2532 503 2610 designavit
531 2535 561 2591 et
592 2532 731 2591 fodiendo
759 2536 870 2591 terram
896 2533 1139 2610 progrediebatur

129 2623 213 2704 extra
245 2641 362 2679 murum
394 2622 550 2680 dumtaxat
582 2624 664 2679 extra
696 2621 825 2698 sagittae
855 2621 1031 2683 missionem
1056 2622 1138 2682 etin

128 2934 130 2939 ,
203 2885 217 2932 1
236 2877 387 2949 heliopolis
404 2897 432 2934 a.
447 2881 486 2949 [13
506 2877 602 2949 egredi
620 2896 648 2934 c.
662 2881 702 2948 l⁸
719 2877 884 2950 heliopolim
899 2896 928 2936 a.
942 2881 983 2949 119
1002 2877 1138 2934 manubiis

131 2949 171 3006 G:
189 2950 328 3004 manubus
343 2950 393 3018 H⁰‚
411 2949 542 3004 manibus
561 2949 612 3018 (-b;
627 2949 661 3018 S)
675 2950 736 3005 Es,
764 2951 773 3020 ΙΙ
801 2955 834 3004 13
852 2952 939 3005 noctu
956 2948 1001 3004 hii
1015 2950 1137 3020 HS(G³)‚

129 3023 216 3076 noctu
233 3020 264 3075 hi
277 3020 348 3078 Ec.
375 3024 384 3088 ΙΙ
413 3026 446 3075 14
463 3038 515 3092 pro
535 3023 663 3076 esserunt
681 3021 791 3078 HEG:
809 3023 1025 3092 progresserunt
1038 3021 1138 3093 ΜΡ)

130 3098 156 3147 et
178 3094 252 3162 (uate
274 3095 341 3162 rae.)
358 3091 395 3146 E.
423 3094 432 3161 ll
460 3097 493 3146 16
512 3039 624 3147 iterent
641 3108 662 3146 a
679 3094 739 3162 (om.
759 3109 819 3148 cam
837 3110 860 3148 c.
881 3094 954 3147 5-7
972 3092 996 3148 S
1015 3095 1066 3149 uhi
1085 3094 1139 3148 sim

129 3179 201 3220 corr.
220 3163 262 3217 ita
280 3162 324 3216 illi
341 3165 477 3216 retrorsus
496 3179 526 3218 se
544 3161 667 3232 recipere
685 3166 731 3234 p).
754 3165 821 3287 iifl
840 3161 990 3218 malleonis
1005 3163 1069 3220 Εθ
1086 3161 1138 3234 (lis

130 3232 170 3288 *cv
183 3260 217 3280 --
232 3234 310 3303 Hs).
342 3236 352 3303 l
385 3239 418 3288 re
446 3233 598 3316 apposnit
616 3233 651 3287 H
673 3236 757 3305 (appo
781 3233 847 3288 onst
861 3234 899 3302 s,
924 3233 1015 3306 spon.
1033 3235 1109 3304 rc).
1130 3232 1139 3304 l
1200 3210 1205 3245 ³

130 3311 163 3359 21
182 3304 282 3360 nuntio
297 3304 364 3361 HS:
383 3305 477 3359 nunti1
495 3307 564 3361 EG.
592 3306 602 3374 ll
629 3310 664 3358 24
681 3308 743 3359 tum
761 3305 829 3361 HS:
848 3307 916 3359 tuno
931 3306 1001 3362 Ec.
1030 3308 1041 3376 l
1067 3301 1137 3359 tois

130 3392 181 3432 orn.
199 3393 226 3431 x.
261 3379 265 3446 Ι
298 3375 479 3447 plurespecus
507 3378 581 3441 (acte
607 3378 687 3445 corr.)
709 3377 747 3430 H.
779 3378 789 3446 ll
821 3381 855 3430 26
882 3391 984 3446 specus
1011 3375 1136 3447 BSffi‘t:
1207 3430 1208 3440 p

128 3450 220 3517 'spec(t
236 3446 314 3517 G)ies
328 3448 388 3503 Ec
407 3447 448 3516 (8⁶
465 3449 497 3502 irs
513 3465 599 3519 marp.
612 3447 631 3476 ²·
640 3451 653 3501 t
672 3446 791 3518 speciis).
805 3449 814 3518 ΙΙ
828 3452 862 3501 2⁷
882 3447 991 3518 sagitta
1001 3491 1008 3504 .
1019 3446 1136 3503 emissio·
1207 3442 1208 3456 ¹

129 3534 195 3572 nem
209 3518 249 3588 H,
268 3517 373 3592 scgittp
392 3518 467 3573 miss.
483 3519 512 3587 S,
530 3518 634 3594 sagittp
653 3519 744 3573 omiss.
760 3519 828 3574 Ec.
