2416 3922
338 157 386 212 DE
405 157 685 214 ARCHITECTURA
703 159 769 213 Lm.
789 159 836 227 IX,
856 166 870 212 7
1045 161 1109 224 231

97 309 291 368 inveniuntur
310 309 487 384 disparatae.
515 310 618 384 itaque
635 310 668 367 in
687 310 920 386 quibuscumque
938 311 1010 370 loeis
1024 312 1110 383 horo·
1130 329 1146 375 2

97 399 179 475 logia
199 400 286 457 616111
305 398 504 472 describenda,
527 397 638 458 661661
657 399 800 457 sumenda
820 402 865 458 est
884 400 1109 475 aequinoctialis

98 486 212 561 umbra,
236 490 267 545 et
288 486 315 546 si
333 490 419 545 erunt
438 487 687 562 quemadmodum
704 489 816 546 Romae
836 489 991 564 gnomonis
1010 493 1111 564 partes

98 594 213 649 novem,
237 576 358 633 umbrae
382 580 515 649 octonae,
538 576 723 634 describatur
745 572 866 655 (linea)
884 577 916 635 in
934 579 1062 652 planitia
1081 582 1112 637 et

47 674 114 725 [16116
139 665 240 723 media
268 681 349 738 προ(
377 667 475 737 cobus
503 655 636 741 erigatur
656 660 659 742 Ι
680 669 716 723 ut
743 665 783 723 sit
811 666 850 723 ad
877 685 1011 725 normam
1036 686 1110 742 quae

99 753 207 812 dicitur
235 772 378 830 gnomon,
406 756 436 811 et
464 772 482 811 a
509 754 589 812 linea
618 773 693 828 quae
721 754 778 812 erit
804 754 945 829 planities
972 755 1004 813 in
1032 756 1111 814 linea

47 848 89 906 234
99 842 255 918 gnomonis
279 842 387 901 airoino
410 861 518 900 novem
541 842 639 917 spatia
662 842 869 918 dimetiantur,
890 839 894 921 Ι
916 847 946 902 61
969 863 1027 919 quo
1046 846 1111 905 loco

97 949 194 989 nonae
221 931 316 1006 partis
345 932 464 1007 signum
486 931 578 989 fuerit
600 935 734 989 centrum
757 933 958 990 constituatur
980 932 1031 990 ubi
1055 934 1112 992 erit

96 1019 201 1078 littera
224 1037 259 1093 A,
283 1022 320 1078 61Ι
335 1019 454 1079 diducto
478 1018 587 1079 circino
611 1019 648 1078 ab
672 1039 706 1078 eo
730 1024 831 1080 centro
855 1021 893 1078 ad
914 1021 1025 1080 lineam
1047 1023 1110 1096 pla-

61 1129 85 1168 10
97 1108 192 1166 nitiae
224 1108 275 1166 ubi
308 1109 365 1167 erit
395 1109 498 1167 littera
530 1127 562 1182 a,
600 1108 753 1166 circinatio
786 1109 887 1167 circuli
920 1109 1111 1184 describatur,

98 1216 176 1272 quae
200 1197 310 1255 dicitur
332 1197 504 1256 meridiana.
551 1196 656 1255 deinde
681 1217 715 1254 ex
738 1216 845 1256 novem
867 1198 1011 1273 partibus,
1034 1218 1110 1273 quae
1130 1214 1146 1260 3

58 1297 88 1347 (ὁ)
97 1288 169 1344 sunt
195 1304 213 1344 a
234 1281 238 1364 Ι
258 1286 386 1361 planitia
409 1287 447 1344 ad
471 1285 624 1362 gnomonis
649 1289 796 1361 centrum,
824 1305 879 1345 vm
903 1290 1059 1345 sumantur
1082 1291 1112 1346 et

96 1375 255 1452 signentur
277 1376 308 1432 in
331 1375 410 1433 linea
435 1394 510 1450 quae
534 1378 579 1432 est
601 1374 632 1431 in
654 1375 782 1449 planitia
805 1375 856 1433 ubi
879 1376 936 1434 erit
958 1376 1060 1435 littera
1084 1394 1110 1434 c.

95 1463 171 1521 haec
195 1465 295 1521 autem
319 1465 375 1522 erit
397 1463 552 1541 gnomonis
571 1463 797 1538 aequinoctialis
816 1464 928 1522 umbra.
966 1468 996 1523 61
1019 1466 1056 1522 ab
1077 1484 1111 1524 6ο

59 1573 82 1613 u
97 1551 184 1628 signo
208 1555 239 1610 et
261 1552 363 1610 littera
383 1570 400 1610 6
424 1572 477 1627 per
500 1555 633 1610 centrum
656 1552 706 1610 ubi
726 1556 771 1611 est
788 1553 890 1611 littera
908 1571 929 1610 A
947 1554 1027 1612 linea
1045 1574 1110 1629 per-

99 1641 237 1713 ducatur,
256 1640 309 1699 ubi
328 1641 384 1699 erit
402 1641 473 1700 solis
492 1641 717 1716 aequinoctialis
736 1642 846 1700 radius.
883 1645 954 1700 tunc
973 1661 991 1700 a
1010 1646 1111 1702 centro

47 1740 86 1792 (10)
97 1729 219 1787 diducto
243 1729 351 1788 circino
376 1729 413 1788 ad
433 1725 437 1808 Ι
457 1730 569 1788 lineam
590 1721 735 1804 planitiae
759 1731 954 1806 aequilatatio
978 1732 1112 1810 signetur

96 1817 150 1876 ubi
174 1819 232 1876 erit
254 1818 355 1877 littera
379 1838 397 1876 n
421 1818 603 1877 sinisteriore
626 1822 711 1894 parte
736 1818 798 1878 etr
822 1820 986 1880 dexteriore
1008 1822 1040 1878 in
1064 1841 1111 1879 ex·

95 1907 200 1966 tremis
233 1906 329 1965 lineae
362 1907 576 1981 circinationis,
614 1912 644 1966 et
675 1928 729 1983 per
760 1912 894 1967 oentmm
924 1909 1111 1984 perducenda

56 2017 82 2056 16
97 1994 228 2071 (linea),
251 1998 286 2053 ut
309 2015 404 2071 aequa
427 1996 485 2055 duo
504 1996 680 2072 hemicyclia
699 1997 760 2055 sint
779 1997 883 2055 divisa.
919 1999 992 2056 haec
1011 2001 1111 2056 autem

94 2084 176 2142 linea
201 2103 218 2142 6
240 2085 457 2143 mathematicis
481 2085 591 2160 dicitur
613 2085 742 2143 horizon.
780 2085 884 2144 deinde
908 2087 1109 2145 circinationis
1128 2102 1146 2148 4

47 2173 190 2236 1151161166
213 2173 355 2232 sumenda
377 2192 447 2248 pars
471 2177 516 2232 est
539 2192 586 2248 xv,
608 2165 612 2253 Ι
633 2174 782 2232 6161161111
802 2175 1109 2233 centrumoonlocan·

95 2261 168 2319 dum
199 2261 231 2319 in
263 2261 341 2320 linea
373 2262 573 2321 circinationis
606 2281 665 2337 quo
698 2263 757 2320 loci
789 2265 870 2320 secat
902 2282 967 2320 eam
998 2264 1109 2321 lineam

95 2349 323 2425 aequinoctialis
359 2351 459 2410 radius
495 2351 548 2409 ubi
584 2351 640 2408 erit
671 2351 774 2409 littera
806 2370 832 2425 r,
870 2353 900 2408 61
932 2351 1110 2428 signandum

56 2459 82 2500 66
96 2439 201 2497 dextra
225 2458 258 2498 ac
281 2439 402 2502 sinistra
424 2439 476 2498 ubi
499 2442 569 2498 sunt
591 2441 710 2498 litterae
735 2457 792 2498 cn.
830 2439 934 2497 deinde
958 2439 994 2498 ab
1017 2441 1063 2498 his

139 2528 236 2586 lineae
259 2547 353 2604 usque
377 2528 415 2586 ad
436 2529 547 2587 lineam
569 2529 713 2603 planitiae
733 2528 937 2603 perducendae
956 2531 1034 2602 sunt,
1058 2528 1108 2587 ubi

96 2619 184 2674 erunt
215 2616 333 2675 litterae
366 2637 418 2674 ra.
460 2618 503 2675 ita
535 2618 592 2676 erit
624 2618 694 2676 solis
726 2617 827 2675 radius
859 2636 936 2676 unus
968 2617 1108 2677 hibernus

167 2810 185 2856 4
203 2805 355 2859 vm1.EG.
377 2807 380 2873 Ι
402 2806 555 2873 octogenae
574 2806 611 2876 (p)
630 2822 657 2858 6,
679 2807 683 2872 Ι
704 2803 900 2858 describantur
917 2803 1068 2873 inplanitia
1087 2805 1110 2857 a

96 2874 208 2928 emedia
226 2875 389 2943 prosorthas
409 2874 453 2944 (H
455 2875 483 2941 S,
501 2874 617 2943 porthas
632 2875 663 2927 E
669 2876 704 2944 G)
722 2893 749 2929 6.
765 2877 804 2944 ΙΙ6
823 2893 849 2942 q.
869 2874 923 2929 erit
940 2874 1073 2945 planities
1090 2892 1111 2928 6
1168 2887 1170 2891 ’

95 2947 176 3016 (oea,
192 2952 225 3000 ct
249 2945 381 3000 materies
396 2963 427 3015 p.
443 2950 488 3011 58,
497 2949 541 2999 24.
562 2950 660 3013 60,12.
698 2946 813 3000 notities
830 2964 857 3014 p.
874 2950 936 3012 133,
946 2952 972 3001 9.
1010 2949 1044 3000 cf.
1064 2963 1108 3014 ap.

98 3017 205 3084 Getta,
215 3021 250 3070 14
274 3019 576 3088 16166661612081
596 3019 605 3086 ΙΙ
625 3022 639 3069 7
659 3015 756 3071 circini
771 3017 806 3070 Η
809 3018 843 3084 G,
863 3017 937 3070 circu
952 3017 979 3072 S.
997 3019 1001 3085 Ι
1018 3017 1110 3070 deme·

94 3085 205 3141 tiantur
222 3105 250 3142 6.
278 3090 288 3157 ΙΙ
315 3093 331 3141 8
354 3087 445 3156 partis
466 3089 504 3142 G:
528 3089 583 3140 -tes
603 3087 666 3141 HS.
694 3090 703 3156 ΙΙ
731 3090 832 3157 9Ι6611
852 3094 895 3157 17)
915 3088 1035 3141 deducto
1054 3105 1082 3140 6.

95 3157 210 3212 ablinea
228 3157 350 3227 planitia
368 3177 395 3213 6.
424 3162 432 3228 ΙΙ
462 3164 493 3211 11
514 3176 539 3226 q.
561 3176 581 3211 s.
601 3158 753 3227 inplanitia
772 3177 798 3213 6.
823 3161 832 3228 ΙΙ
856 3165 888 3212 13
908 3175 964 3226 qua
983 3160 1026 3211 est
1044 3158 1082 3211 H.
1107 3156 1112 3229 Ι

97 3234 130 3281 18
159 3229 316 3284 litterae.
337 3230 405 3285 HS:
435 3228 583 3283 .e.littera
603 3231 637 3284 G.
667 3232 671 3298 Ι
700 3248 726 3298 p.
751 3232 780 3284 et
805 3230 871 3283 inde
899 3228 1031 3283 alteriore
1054 3246 1081 3282 6.
1101 3231 1111 3300 ΙΙ

96 3299 232 3354 19116616
252 3317 275 3354 c.
295 3319 315 3355 6
333 3302 378 3369 (cs.
395 3319 425 3370 p.
440 3303 550 3368 235,3).
574 3303 577 3368 Ι
601 3301 750 3371 pducendfi
769 3303 801 3354 ut
819 3319 846 3355 6.
869 3302 878 3369 ΙΙ
902 3306 934 3353 21
954 3299 1031 3354 linea
1047 3299 1109 3355 GS:

94 3369 172 3424 linea
191 3371 230 3426 H.
256 3373 260 3442 Ι
285 3371 424 3438 11611ξ6611
442 3372 487 3439 H,
505 3370 621 3424 horizon
642 3371 679 3426 G:
704 3371 799 3426 orizon
817 3372 843 3427 S.
871 3374 880 3441 ΙΙ
909 3377 941 3424 22
963 3389 1013 3426 nv.
1033 3371 1109 3426 HG:

96 3441 195 3496 11118.
224 3444 233 3511 ΙΙ
260 3448 293 3495 23
314 3439 369 3511 quo
388 3443 426 3498 G:
446 3443 522 3511 quod
540 3442 589 3512 (qd
603 3443 636 3513 S)
652 3442 714 3497 HS.
743 3445 752 3511 ΙΙ
779 3449 813 3495 24
831 3462 860 3497 r:
882 3460 959 3496 ,6.1,
987 3444 996 3510 ΙΙ
1023 3447 1056 3494 25
1077 3458 1110 3495 66

94 3513 264 3583 66616Ι61)
283 3514 328 3567 his
347 3513 429 3567 lineis
449 3531 476 3567 u.
495 3534 514 3568 6·
534 3515 600 3583 (scil.
621 3514 657 3567 ab
676 3513 720 3566 his
741 3515 769 3567 et
788 3531 805 3566 6
824 3516 918 3566 centro
937 3518 972 3569 nl.
1090 3548 1093 3552 ·
