2416 3922
21 169 24 174 ’
100 169 143 233 12
524 167 688 224 VITRUVII

98 320 281 379 videbuntur
298 320 406 378 habere
424 320 633 396 proprietates,
652 318 733 395 quod
749 319 796 378 his
815 318 872 377 diis
890 322 1014 395 propter
1031 321 1114 378 tene·

98 409 221 468 ritatem
253 408 413 486 graciliora
445 411 476 467 et
506 408 613 467 florida
643 407 782 483 foliisque
810 411 841 466 et
867 407 979 467 volutis
1006 411 1115 466 ornata

100 516 191 574 opera
217 498 299 557 facta
330 517 438 575 augere
465 497 645 557 videbuntur
673 497 785 556 iustum
811 497 955 556 decorem.
1004 497 1114 556 Iunoni

99 585 216 646 Dianae
235 586 341 645 Libero
360 585 446 644 Patri
469 577 643 668 cetclrisque
666 585 722 644 diis
746 584 799 661 qui
822 585 926 644 eadem
943 588 1016 645 sunt
1033 585 1114 644 simi·
1123 595 1157 647 (1⁰)

99 674 227 734 litudine
254 675 280 734 si
307 675 393 734 aedes
421 675 536 734 ionicae
564 676 785 748 construentur,
816 674 921 732 habita
949 675 1006 732 erit
1035 675 1137 734 ratior

98 764 327 838 mediocritatis,
355 764 436 839 quod
463 766 493 822 et
519 764 557 821 ab
585 782 686 822 severo
713 782 795 821 more
822 763 989 822 doricorum
1017 767 1049 821 et
1076 763 1113 822 ab

99 853 260 912 teneritate
283 852 496 913 corinthiorum
518 851 733 927 temperabitur
756 871 859 910 earum
876 851 1028 911 institutio
1046 871 1113 928 pro·

65 955 81 1004 6
99 939 245 1018 prietatis.
292 942 330 1000 ad
352 941 594 1000 consuetudinem
622 943 724 999 autem
752 940 840 999 decor
861 941 905 999 sic
927 940 1114 1016 exprimitur,

101 1049 170 1089 cnm
197 1029 338 1089 aedificiis
364 1030 557 1089 interioribus
579 1021 754 1111 malgnificis
776 1029 849 1087 item
872 1028 1021 1088 vestibula
1046 1048 1113 1088 cou-
1122 1038 1157 1090 (1⁵)

100 1119 252 1178 venientia
272 1123 302 1178 et
324 1119 474 1196 elegantia
493 1121 582 1177 erunt
604 1118 693 1177 faeta.
730 1119 755 1176 si
779 1118 858 1176 enim
880 1118 1024 1176 interiora
1046 1136 1147 1194 pro-1⁰

100 1212 219 1284 spectus
242 1208 402 1266 habuerint
425 1208 598 1284 elegantes,
616 1206 714 1265 aditus
739 1210 840 1265 autem
867 1207 993 1265 humiles
1018 1209 1049 1265 et
1069 1207 1114 1265 in-

99 1297 249 1371 honestos,
271 1316 331 1356 non
355 1299 442 1355 erunt
464 1315 533 1354 cum
555 1296 668 1354 decore.
703 1295 777 1354 item
795 1295 820 1354 si
840 1295 946 1354 doricis
965 1295 1114 1372 epistyliis

98 1386 131 1444 in
154 1386 269 1445 coronis
292 1385 436 1443 denticuli
459 1385 631 1460 sculpentur
652 1387 707 1442 aut
729 1385 760 1441 in
782 1384 945 1460 pulvinatis
969 1384 1113 1443 columnis

99 1474 204 1534 ionicis
227 1473 375 1549 epistyliis
394 1473 596 1548 exprimentur
616 1473 770 1548 triglyphi,
791 1469 795 1551 l
816 1473 971 1532 translatis
994 1492 1031 1531 ex
1054 1473 1155 1534 unuln

99 1561 216 1621 ratione
248 1561 481 1638 proprietatibus
512 1561 545 1619 in
577 1561 660 1619 aliud
692 1579 785 1637 genus
818 1561 916 1637 operis
947 1562 1115 1621 offendetur
1125 1579 1147 1622 1⁵

65 1664 80 1713 7
100 1653 246 1725 aspectus,
265 1650 341 1708 alius
355 1653 425 1709 ante
439 1649 551 1708 ordinis
565 1649 827 1709 consuetudinibus
840 1650 995 1709 institutis.
1028 1653 1114 1709 natu-

99 1739 172 1798 ralis
200 1742 301 1797 autem
329 1739 416 1798 decor
442 1740 485 1798 sic
514 1738 583 1813 erit,
615 1739 640 1798 si
667 1739 798 1814 primum
826 1738 961 1798 omnibus
992 1739 1114 1816 templis

99 1827 311 1887 saluberrimae
329 1828 463 1906 regiones
483 1846 689 1904 aquarumque
711 1828 809 1886 fontes
827 1829 860 1885 in
877 1828 903 1886 is
922 1827 995 1887 locis
1014 1827 1113 1888 idonei

101 1916 248 1994 eligentur
277 1917 309 1974 in
337 1916 443 1992 quibus
475 1917 547 1975 fana
579 1917 816 1991 constituantur,
849 1916 953 1975 deinde
985 1917 1113 1976 maxime

101 1996 296 2086 (Aesculapio
312 2005 418 2081 Saluti,
433 2024 559 2081 quorum
572 2006 695 2065 deorum
707 2005 829 2080 plurimi
842 2005 996 2064 medicinis
1011 2006 1094 2084 aegri
1105 1997 1157 2087 laod

100 2094 198 2153 curari
211 2095 360 2154 videntur.
395 2113 461 2153 cum
481 2095 560 2152 enim
579 2113 614 2152 ex
630 2093 783 2170 pestilenti
802 2094 833 2152 in
851 2093 1001 2153 salubrem
1014 2096 1114 2154 locum
1129 2098 1157 2157 ll

101 2202 225 2259 corpora
253 2202 343 2261 aegra
370 2184 518 2242 translata
544 2183 656 2241 fuerint
683 2185 714 2241 et
742 2201 757 2240 e
783 2182 916 2241 fontibus
944 2183 1113 2242 salubribus

101 2290 247 2348 aquarum
278 2290 349 2331 usus
386 2271 702 2345 subministrabantur,
739 2271 861 2330 celerius
899 2273 1112 2331 convalescent.

100 2361 145 2420 ita
172 2361 318 2420 efficietur
345 2362 390 2418 uti
419 2381 454 2419 ex
481 2364 590 2419 natura
616 2361 675 2418 loci
701 2360 828 2418 maiores
856 2364 1019 2436 auctasque
1047 2380 1114 2420 cum

100 2450 247 2527 dignitate
268 2447 272 2521 Ι
292 2449 436 2508 divinitas
454 2448 582 2524 excipiat
601 2448 762 2523 opiniones.
793 2448 867 2507 item
882 2452 1007 2508 naturae
1027 2449 1157 2508 decorus

100 2539 166 2613 erit,
190 2539 215 2597 si
238 2536 383 2597 cubiculis
402 2540 433 2596 et
452 2536 649 2613 bybliothecis
668 2537 705 2595 ab
725 2537 838 2596 oriente
856 2537 972 2596 lumina
991 2537 1111 2614 capiun-

99 2629 158 2701 tur,
184 2625 310 2684 balineis
338 2629 368 2685 et
395 2626 594 2685 hibernaculis
622 2625 659 2684 ab
687 2625 837 2685 occidente
862 2626 1000 2700 hiberno,
1026 2627 1111 2702 pina-

101 2714 228 2774 cothecis
257 2717 287 2772 et
316 2714 424 2790 quibus
452 2714 540 2774 certis
567 2714 728 2773 luminibus
757 2733 831 2790 opus
860 2717 905 2774 est
930 2714 1069 2791 pa1tibus
1094 2733 1112 2773 a

100 2802 316 2879 septentrione,
343 2803 425 2879 quod
447 2822 482 2862 ea
505 2803 580 2862 caeli
602 2803 684 2880 regio
707 2823 803 2878 neque
826 2804 994 2862 exclaratur
1016 2822 1112 2880 neque

172 3097 243 3152 6ab
262 3097 330 3153 HS:
356 3114 407 3152 om.
428 3097 460 3151 θ.
489 3098 498 3166 ΙΙ
527 3102 656 3150 Ὶοοτιιηι
673 3113 701 3151 a.
729 3098 738 3165 ΙΙ
766 3101 799 3149 10
817 3096 958 3166 perfectus
977 3113 997 3150 a
1021 3098 1066 3165 (cs.
1082 3113 1111 3166 p.

100 3173 163 3237 119,
172 3171 229 3239 25).
242 3170 252 3238 l
267 3173 300 3222 13
320 3168 483 3250 sculpentur
495 3185 523 3222 a.
540 3169 544 3236 Ι
560 3170 611 3221 aut
628 3167 659 3220 in
676 3165 831 3236 pulvinatis
846 3165 983 3221 columnis
998 3169 1027 3222 et
1040 3167 1110 3222 ioni-

100 3238 140 3293 cis
159 3239 273 3309 episty(i
288 3239 400 3309 omlis
420 3237 552 3308 capitulis
573 3237 763 3308 exprimentur
780 3237 932 3308 triglyphis
951 3239 997 3308 (G,
1016 3236 1111 3308 tricly·

100 3309 163 3378 phis
183 3311 227 3379 H,
251 3309 392 3380 tricliphis
411 3310 445 3378 S)
462 3327 489 3364 oo.
513 3312 522 3379 ΙΙ
546 3315 579 3363 16
599 3307 685 3364 alius:
705 3307 769 3361 aliis
787 3327 815 3364 a.
844 3311 853 3378 ΙΙ
880 3313 914 3362 18
932 3307 970 3364 is:
993 3309 1038 3363 his
1056 3327 1084 3364 a.
1102 3307 1112 3380 ll

101 3385 135 3434 20
159 3380 245 3435 saluti
264 3384 293 3436 ot
311 3398 407 3435 eorum
425 3381 541 3435 deorum
558 3397 677 3449 quorum
695 3377 733 3448 pl.
752 3398 780 3434 n.
803 3382 812 3449 l
835 3386 869 3432 25
889 3379 1030 3449 opinionis
1049 3387 1111 3436 ante

99 3469 168 3507 corr.
183 3453 222 3507 H.
245 3455 255 3522 l
277 3457 311 3507 27
330 3451 440 3506 balneis
459 3469 486 3507 a.
512 3453 517 3521 Ι
540 3448 713 3522 pinacothi(e
727 3449 816 3520 Sbcis
830 3451 860 3518 S,
880 3453 931 3506 abi
952 3453 984 3505 iu
1002 3470 1037 3508 m.
1055 3452 1111 3507 solo

99 3524 204 3578 calamo
224 3526 265 3594 (ct
281 3525 391 3593 saepius
405 3549 439 3568 =
453 3522 501 3593 δ’)
519 3524 679 3592 impressum
698 3523 798 3592 legitur
815 3521 865 3575 ubi
883 3521 1018 3592 pingitur.
