2416 3922
101 126 143 189 70
523 122 687 177 VITRUVII

98 278 211 335 tionem
233 274 373 352 gradibus
396 274 567 347 ascendunt,
589 292 649 332 non
671 276 796 348 possunt
813 292 866 348 per
883 273 1114 332 intercolumnia

99 366 252 440 amplexae
276 363 357 421 adire
379 363 437 422 nisi
461 362 577 420 ordines
599 362 732 437 fecerint,
755 363 828 421 item
849 362 1007 421 valvarum
1029 380 1114 437 aspe-

99 457 163 512 ctus
187 452 370 511 abstruditur
393 453 596 511 columnarum
624 449 781 509 crebritate
804 451 929 526 ipsaque
953 451 1041 528 signa
1066 451 1115 511 ob-

100 544 263 615 scurantur,
286 542 359 599 item
382 541 459 599 circa
478 540 582 598 aedem
599 541 721 615 propter
740 532 904 621 angulstias
917 539 1114 615 inpediuntur
1122 551 1157 602 (1⁰)

64 630 325 692 rambulationes.
370 629 493 704 diastyli
521 632 621 687 autem
647 629 720 687 haec
748 630 805 688 erit
829 629 1020 704 compositi0‚
1048 647 1137 688 cumo

99 721 190 778 trium
209 719 411 777 columnarum
434 717 659 776 crassitudinem
679 718 906 776 intercolumnio
924 717 1115 793 interponere

99 826 268 884 possumne,
293 811 448 882 tamquam
471 810 516 865 est
539 806 688 881 Apollinis
712 809 743 864 et
764 805 880 865 Dianae
904 806 994 865 aedis.
1040 807 1114 866 haec

100 897 255 972 dispositio
277 896 354 956 hanc
380 895 471 954 habet
493 895 701 954 difficultatem
724 895 804 970 quod
827 895 969 971 epistylia
992 898 1116 970 propter

65 985 325 1047 sintervallorum
356 985 592 1061 magnitudinem
627 985 813 1060 franguntur.
841 979 845 1062 Ι
872 984 904 1042 in
936 984 1114 1060 araeostylis
1123 992 1157 1044 (1⁵)

100 1078 200 1134 autem
222 1094 275 1133 nec
298 1074 423 1149 lapideis
446 1093 500 1132 nec
520 1073 692 1131 marmoreis
711 1073 858 1149 epistyliis
877 1071 1040 1144 titillatur,
1064 1073 1114 1132 sed
1127 1092 1148 1131 rc

100 1163 285 1240 inponendae
300 1163 335 1221 de
349 1163 475 1221 materia
489 1161 588 1221 trabes
602 1165 771 1238 perpetuae.
804 1166 835 1221 et
848 1163 981 1236 ipsarum
996 1162 1115 1221 aedium

100 1253 211 1329 species
230 1256 299 1312 sunt
316 1251 532 1326 barycephalae
543 1251 675 1309 ¹humiles
693 1250 783 1327 latae,
802 1253 1005 1325 ornanturque
1022 1251 1114 1328 signis

99 1341 239 1401 fictilibus
254 1345 307 1400 aut
321 1341 414 1399 aereis
432 1341 578 1398 inauratis
593 1359 694 1398 earum
711 1340 835 1417 fastigia
852 1339 1004 1398 tuscanico
1024 1358 1115 1415 more,

100 1432 146 1489 uti
174 1435 218 1490 est
246 1430 284 1487 ad
313 1428 430 1488 Circum
456 1429 619 1487 Maximum
638 1427 759 1490 cereus
787 1431 817 1486 et
837 1423 841 1506 Ι
861 1427 999 1486 Herculis
1028 1428 1114 1487 Pom·
1123 1435 1157 1488 lul

99 1520 209 1595 peiani,
231 1519 304 1576 item
328 1516 478 1592 Capitolii.
1127 1535 1148 1577 ιε

66 1621 81 1668 6
166 1607 327 1666 Reddenda
350 1624 427 1664 nuno
451 1609 495 1664 est
518 1606 626 1680 eustyli
649 1607 736 1680 ratio,
760 1624 836 1680 quae
858 1605 986 1664 maxime
1008 1605 1115 1681 proba·

100 1697 169 1755 bilis
193 1700 223 1754 et
245 1696 284 1754 ad
306 1713 392 1753 usum
416 1699 445 1753 et
468 1695 506 1752 ad
529 1695 657 1769 speciem
679 1697 710 1753 et
733 1694 771 1751 ad
791 1693 964 1752 firmitatem
981 1695 1115 1754 rationes

100 1784 190 1843 habet
205 1785 375 1861 explicatas.
407 1803 535 1859 namque
550 1783 687 1842 facienda
706 1783 820 1842 suntin
833 1782 1001 1842 intervallis
1016 1784 1116 1858 spatia

101 1874 226 1932 duarum
250 1873 454 1933 columnarum
477 1876 507 1931 et
530 1875 654 1948 quartae
679 1872 774 1947 partis
798 1871 951 1931 columnae
975 1873 1114 1932 crassitu-

101 1962 192 2038 dinis,
213 1957 216 2041 l
237 1962 425 2036 mediumque
461 1961 720 2020 intercolumnium
751 1981 844 2018 unum
875 1960 955 2036 quod
987 1961 1047 2020 erit
1082 1961 1156 2020 inne

100 2052 207 2128 fronte,
231 2053 357 2110 alterum
376 2051 455 2125 quod
478 2051 510 2109 in
532 2052 655 2126 postire,
678 2050 770 2108 trium
788 2050 992 2108 columnarum
1011 2051 1116 2110 crassi-

101 2141 211 2199 tudine.
249 2142 290 2201 sic
309 2141 387 2198 enim
406 2139 527 2198 habebit
543 2143 573 2198 et
590 2139 777 2216 figurationis
791 2141 944 2214 aspectum
957 2141 1117 2198 venustum

102 2232 132 2287 et
159 2230 256 2289 aditus
277 2227 281 2310 l
302 2249 388 2288 usum
415 2229 478 2287 sine
505 2227 736 2303 inpeditionibus
765 2230 795 2286 et
822 2228 900 2286 circa
923 2227 1032 2285 cellam
1055 2246 1116 2285 am-
1131 2233 1156 2290 tl

68 2319 216 2378 abulatio
244 2320 461 2379 auctoritatem.
506 2318 594 2376 huius
622 2320 722 2375 autem
748 2317 791 2374 rei
818 2316 896 2374 ratio
919 2316 1117 2391 explicabitur

102 2410 152 2467 sic
197 2409 279 2468 frons
307 2409 364 2466 loci
394 2425 469 2482 quae
497 2407 529 2464 in
556 2406 628 2464 aede
656 2407 819 2465 constituta
841 2406 945 2479 fuerit,
974 2405 1000 2463 si
1023 2408 1115 2464 tetra-
1129 2422 1151 2463 re

102 2498 196 2572 stylos
228 2498 364 2556 facienda
395 2495 500 2571 fuerit,
532 2495 684 2553 dividatur
715 2495 747 2551 in
778 2496 879 2570 partes
902 2512 934 2550 xi
958 2511 973 2551 s
996 2498 1118 2568 praeter

103 2587 266 2660 crepidines
290 2588 319 2644 et
346 2586 528 2661 proiecturas
549 2579 553 2663 l
574 2585 735 2660 spirarum,
762 2584 861 2641 siser
885 2583 942 2640 erit
964 2583 1151 2642 columna-(o

101 2694 177 2748 rum,
199 2675 231 2732 in
253 2677 352 2750 partes
376 2692 460 2732 xvnr.
502 2674 528 2732 si
551 2673 712 2747 octastylos
736 2671 940 2746 constituetur,
963 2671 1118 2730 dividatur

102 2763 134 2820 in
157 2781 230 2822 xxrv
249 2766 279 2821 et
302 2763 459 2822 semissem.
498 2763 571 2820 item
595 2781 629 2820 ex
652 2761 697 2820 his
720 2760 856 2836 partibus
880 2760 941 2819 sive
964 2761 1118 2836 tetrastyli

174 2920 189 2967 2
210 2914 359 2984 abspectus
374 2915 413 2968 H.
441 2916 450 2984 ΙΙ
479 2919 511 2967 12
530 2911 747 2981 berycephalae:
773 2911 877 2980 baryce
897 2911 1061 2981 parycefale
1075 2911 1116 2979 Η,

103 2984 198 3056 barice
225 3002 328 3055 paryce
356 2984 461 3057 (pariae
481 2986 514 3054 S)
542 2983 599 3038 fale
621 2983 678 3039 GS.
710 2985 719 3052 11
752 2987 785 3035 14
810 2986 869 3055 ce(p
889 2981 1031 3050 86⁶)reris
1054 2982 1117 3039 GS:

104 3055 216 3111 caberis
232 3056 269 3110 H.
288 3060 298 3127 ΙΙ
318 3063 349 3110 15
369 3055 487 3126 capituli
502 3055 560 3110 HS
576 3053 663 3123 (-tulr¹
680 3055 720 3121 8⁰,
738 3052 814 3107 ·tolii
830 3053 873 3124 G).
895 3055 905 3122 ll
926 3058 958 3106 16
979 3052 1077 3107 euetili
1092 3053 1119 3108 G

104 3129 146 3196 (ic
163 3146 197 3182 m.
212 3127 258 3182 vel
277 3145 306 3183 es
322 3130 382 3197 Gt:
401 3125 485 3196 eetyli
499 3127 557 3182 Hs
573 3129 614 3195 (ia
627 3144 661 3180 m.
676 3125 723 3179 vel
741 3122 844 3194 eustyli
861 3125 910 3189 8⁶).
925 3126 934 3193 ΙΙ
950 3129 983 3178 18
1002 3124 1033 3179 in
1048 3124 1117 3181 HS:

103 3215 153 3252 om.
174 3199 208 3254 G.
236 3201 245 3267 ΙΙ
272 3205 305 3252 25
326 3200 350 3253 ei
370 3231 404 3238 —
423 3200 478 3267 (26)
497 3196 664 3252 fueritHS:
692 3196 785 3251 eradi
808 3197 850 3265 (ia
872 3214 906 3250 m.
925 3197 1016 3264 suppl.
1034 3196 1117 3268 G0).1

103 3269 260 3338 tetrastylos
280 3270 311 3324 H
334 3269 482 3339 (erastylos
502 3269 534 3336 S,
561 3268 697 3337 etraeylos
719 3267 773 3336 G0).
802 3269 811 3336 ll
838 3271 920 3320 2611
943 3285 969 3321 s:
998 3267 1118 3322 decusas

104 3340 187 3394 semis
206 3359 233 3396 a.
261 3345 271 3409 l
299 3347 331 3394 27
351 3343 525 3410 protecturus
544 3339 602 3394 HS
623 3338 805 3408 (proiecturas
823 3337 915 3406 HCG).
941 3339 946 3407 Ι
971 3337 1119 3408 spinarum

104 3411 177 3478 (aare
195 3415 260 3477 ras.)
279 3413 306 3468 S.
333 3415 343 3482 ll
370 3416 403 3465 28
427 3430 506 3465 xvm:
530 3409 620 3478 dece(i
635 3410 715 3479 H0)m
738 3409 771 3478 (b
789 3411 853 3464 add.
870 3410 917 3477 Ψ)
941 3425 1045 3464 novem
1062 3428 1090 3466 a.
1108 3409 1119 3481 ll

105 3487 138 3535 29
156 3481 259 3552 viginti
278 3482 401 3551 quinque
415 3482 480 3551 HS,
497 3501 551 3535 xxv
565 3482 599 3536 G.
