2416 3922
304 158 412 212 LIBER
429 158 535 213 ARTIS
553 157 893 214 ARGHITEOTONIGAE
1039 159 1105 223 303

96 310 286 385 aliquantum
308 308 475 384 promineat
493 312 583 384 atque
602 308 737 367 umbram
754 309 846 368 faciat
863 309 1014 368 maiorem.
1051 309 1106 367 sub

94 399 151 458 hac
178 399 276 458 fronte
303 397 470 456 rotunditas
499 398 538 456 ad
565 398 707 457 circinum
734 402 865 474 notatur,
895 417 971 473 quae
999 401 1106 457 cavata

94 489 242 546 introrsus
272 485 480 559 hemicyclium
511 486 604 545 faciat
635 486 761 546 schema.
813 488 845 545 in
876 488 931 545 hac
963 489 1107 546 cavatura

95 579 155 636 tres
179 577 281 635 circuli
303 575 390 651 fiant,
413 593 488 634 unus
511 594 603 651 prope
627 576 828 634 summitatem
850 576 1005 652 horologii,
1029 576 1105 634 alius

21 675 150 741 comper
174 660 179 743 Ι
203 665 333 722 mediam
365 667 552 739 cavaturam,
588 665 693 723 tertius
724 683 818 739 prope
850 683 933 723 oram
964 665 1106 742 signetur.

96 773 114 812 a
132 755 246 812 minore
265 771 334 830 ergo
353 753 462 812 circulo
480 771 575 828 usque
594 753 632 811 ad
650 753 792 811 maiorem
811 754 953 812 circulum
973 753 1106 811 horalem

95 861 157 902 una
180 846 211 900 et
233 860 251 898 x
271 842 367 900 lineae
387 841 516 901 directae
535 842 653 917 aequali
672 842 834 917 partitione
852 842 1006 915 ducantur,
1030 860 1106 916 quae

95 932 183 990 horas
206 931 416 989 demonstrent,
461 949 515 1005 per
541 930 671 989 medium
693 948 763 989 vero
786 930 994 1005 hemicyclium
1017 948 1106 1005 supra

95 1020 240 1078 minorem
264 1018 405 1078 circulum
427 1019 555 1094 planitia
578 1019 712 1094 aequalis
740 1018 888 1078 subtiliori
912 1017 1106 1077 crassitudine

14 1108 164 1183 calefiat,
192 1111 226 1166 ut
253 1111 357 1183 aperta
377 1102 382 1186 Ι
402 1107 585 1166 rotrmditate
612 1107 732 1183 digitali
760 1107 878 1165 facilius
906 1107 976 1166 solis
1005 1106 1106 1165 radius

96 1198 210 1256 infusus
237 1216 292 1271 per
312 1214 451 1255 numeros
478 1196 626 1254 linearum
652 1195 740 1255 horas
767 1196 955 1254 demonstret.
1000 1194 1106 1252 hiemis

97 1304 166 1362 ergo
198 1288 331 1360 tempore
363 1304 416 1360 per
447 1285 591 1343 minorem
624 1285 765 1343 circulum
798 1285 938 1342 horarum
969 1301 1107 1341 numeros

26 1384 84 1440 ⁸11
97 1373 235 1448 servabit,
258 1373 471 1449 aequinoctiali
491 1364 632 1455 temlpore
650 1372 781 1431 medium
798 1373 941 1432 circulum
959 1373 1107 1448 sequetur,

98 1464 210 1522 aestivo
233 1467 367 1538 tempore
389 1482 443 1537 per
464 1462 585 1521 maioris
609 1462 711 1521 circuli
734 1461 832 1537 spatia
855 1461 1013 1539 gradietur.
1055 1459 1107 1519 sed

57 1572 83 1613 ro
98 1571 135 1610 ne
154 1571 234 1611 error
251 1553 283 1609 in
302 1550 497 1632 construendo
516 1551 669 1628 horologio
689 1551 828 1626 cuiquam
845 1550 991 1625 videatur,
1013 1549 1107 1608 libero

96 1641 161 1700 loco
194 1641 255 1698 alto
283 1640 331 1698 vel
362 1639 453 1716 plano
486 1639 527 1699 sio
558 1643 688 1715 ponatur
714 1644 748 1698 ut
780 1640 906 1716 angulus
937 1639 1024 1696 huius
1056 1637 1106 1714 qui

57 1740 86 1791 (ὁ)
99 1728 235 1788 occiduas
257 1728 346 1788 horas
369 1728 486 1788 notabit
505 1733 607 1788 contra
625 1720 882 1810 aelquinootialem
900 1748 1025 1788 vernum
1042 1745 1107 1803 spe·

97 1821 171 1891 etet,
202 1817 279 1875 unde
312 1819 356 1876 sol
387 1837 465 1876 nono
497 1818 556 1876 kal.
584 1819 692 1893 apriles
721 1819 842 1877 oriatur.
892 1817 927 1876 fit
958 1817 1048 1876 etiam
1075 1817 1107 1873 in

96 1924 155 1965 uno
183 1905 336 1981 horologio
364 1906 473 1981 duplex
500 1907 666 1983 elegantiae
698 1907 858 1966 subtilitas.
907 1925 977 1964 nam
1004 1906 1108 1963 dextra

57 2016 82 2055 ao
97 2014 133 2053 ac
165 1994 285 2052 sinistra
318 1995 496 2053 extrinsecus
530 1996 562 2052 in
597 1995 739 2054 lateribus
772 1997 835 2055 eius
867 1996 975 2071 quinae
1010 1994 1108 2052 lineae

98 2083 226 2141 directae
258 2084 413 2156 notantur,
450 2086 480 2141 et
511 2085 613 2142 ternae
647 2086 747 2158 partes
780 2083 957 2142 circulorum
989 2081 1108 2157 aequali

45 2183 88 2234 110)
98 2171 257 2230 intervallo
285 2171 327 2229 sio
353 2170 429 2229 fiunt
455 2174 490 2229 ut
511 2190 571 2229 una
596 2173 730 2247 proxima
753 2172 793 2230 sit
815 2171 933 2248 angulis
954 2162 1107 2251 postelrio·

96 2261 192 2334 ribus,
218 2260 269 2318 ubi
298 2259 360 2318 stili
386 2262 534 2335 ponentur
557 2261 608 2335 qui
630 2259 735 2318 umbra
757 2279 812 2319 sua
833 2259 921 2318 horas
945 2258 1108 2334 designent,

97 2351 193 2408 altera
215 2348 343 2407 mediam
365 2348 521 2424 planitiem
544 2349 685 2424 detineat,
707 2349 797 2408 tertia
818 2366 911 2424 prope
935 2366 1017 2405 oram
1040 2365 1107 2405 oon-

58 2459 83 2500 11
97 2438 204 2515 tingat.
240 2437 392 2496 basanim
414 2439 514 2512 partes
533 2438 709 2497 circulorum
731 2437 827 2496 hieme
849 2456 918 2496 vere
941 2440 971 2494 et
994 2439 1108 2494 aestate

98 2527 139 2586 sio
170 2529 205 2584 ut
240 2525 364 2584 interius
401 2527 556 2603 gnomonis
592 2525 697 2584 umbra
729 2526 870 2601 sequitur.
925 2525 958 2583 in
990 2524 1107 2602 angulis

69 2604 82 2629 ⁴
98 2634 167 2692 ergo
195 2614 408 2690 posterioribus
436 2616 520 2675 stilos
547 2615 661 2674 modice
690 2614 824 2691 obliquos
851 2614 937 2691 figes,
966 2613 1017 2689 qui
1044 2634 1107 2671 um-

46 2703 151 2767 (1511111
183 2722 237 2763 sua
268 2703 356 2762 horas
382 2699 386 2782 l
412 2703 574 2781 designent.
625 2704 721 2762 oriens
754 2704 832 2762 enim
864 2704 908 2762 sol
943 2704 975 2761 in
1011 2704 1108 2778 primo
1200 2708 1201 2712 ’

42 2800 43 2804 ’
97 2794 192 2851 111111
220 2811 270 2852 sex
300 2792 389 2852 horas
421 2792 551 2869 notabit,
584 2792 718 2851 occidens
747 2793 821 2850 alias
849 2811 899 2850 ser
926 2792 958 2850 in
988 2792 1107 2850 sinistro

59 2883 192 2942 11111111
210 2885 369 2958 percurret.
405 2881 516 2958 legitur
534 2883 625 2940 etiam
642 2881 731 2940 horas
750 2882 792 2940 sic
810 2881 976 2956 comparari
995 2879 1108 2955 debere,

97 2970 226 3046 primam
249 2974 362 3030 sertam
386 2971 543 3046 septimam
561 2973 591 3029 et
609 2969 815 3029 duodecimam
832 2989 891 3029 uno
911 2970 1009 3044 spatio
1027 2988 1107 3027 men-

98 3077 227 3133 suraque
250 3058 455 3134 disponendas,
479 3059 636 3118 secundam
660 3059 796 3134 quintam
814 3061 952 3118 octavam
971 3061 1000 3116 et
1017 3057 1108 3115 unde·

46 3159 88 3210 (1ο)
98 3149 207 3206 cimam
247 3147 315 3222 pari
350 3147 533 3222 aequalitate
571 3139 772 3228 ordilnandas,
813 3148 933 3205 tertiam
971 3149 1109 3221 quartam

98 3254 208 3296 nonam
235 3239 265 3293 et
292 3235 435 3295 decimam
467 3237 558 3295 simili
589 3237 705 3294 ratione
733 3235 869 3294 edendas.
919 3237 964 3293 est
991 3237 1021 3292 et
1048 3235 1109 3292 alia

57 3345 84 3386 rs
99 3324 135 3383 de
166 3322 254 3382 modo
287 3327 316 3382 et
347 3326 491 3384 mensuris
523 3325 662 3383 horarum
695 3324 891 3401 comparatio,
924 3343 1013 3399 quam
1042 3341 1108 3397 pro-

97 3413 225 3472 lixitatis
257 3431 345 3471 causa
376 3413 622 3488 praetereundam
654 3413 823 3489 aestimavi,
860 3413 1000 3488 quoniam
1036 3411 1109 3470 haec

98 3501 256 3580 diligentia
293 3501 330 3559 ad
367 3520 476 3577 paucos
512 3503 673 3579 prudentes
709 3503 847 3579 pertinet.
902 3520 972 3559 uam
1008 3519 1109 3560 omnes
