2416 3922
121 153 162 217 18
542 149 707 205 vruauvu

119 303 261 362 vocitant.
307 321 342 360 ex
369 320 403 360 eo
430 301 501 360 licet
528 301 602 359 scire
628 300 692 359 cibo
715 303 805 376 atque
829 319 910 376 aqua
932 299 1132 376 proprietates

118 392 252 450 locorum
273 389 451 449 naturaliter
473 389 645 464 pestilentes
668 393 721 448 aut
743 388 874 448 salubres
899 407 969 448 esse.

66 500 99 547 11
185 479 263 538 Item
289 479 315 538 si
342 479 374 536 in
400 477 559 555 paludibus
586 470 703 537 moenia
732 471 894 537 constituta
921 479 1021 550 amnt,
1054 495 1132 552 quae

119 566 243 645 paludes
266 566 425 626 secundum
447 585 528 624 mare
551 567 671 640 fuerint,
694 566 928 642 spectabuntque
952 565 990 623 ad
1013 568 1132 641 septen·

119 648 256 739 triolnem
278 658 331 715 aut
352 656 431 714 inter
453 654 685 731 septentrionem
708 659 738 714 et
761 655 917 728 orientem,
944 673 1054 730 eaeque
1077 666 1172 730 pa-sq

119 745 202 804 ludes
221 745 393 803 excelsiores
411 742 522 802 fuerint
541 763 630 819 quam
647 744 720 802 litus
737 743 894 818 marinum,
914 744 1030 802 ratione
1048 742 1131 801 vide·

119 834 230 891 buntur
248 852 310 892 esse
329 833 499 892 constituta.
535 832 622 891 fossis
641 832 720 890 enim
743 831 838 891 ductis
860 832 895 890 fit
918 851 1014 907 aquae
1033 831 1132 890 exitus

120 922 158 980 ad
180 922 260 997 litus,
284 925 314 980 et
336 940 417 980 mare
439 920 665 997 tempestatibus
689 923 808 980 auctum
830 920 862 978 in
879 920 1003 996 paludes
1020 919 1131 978 redun-

119 1009 223 1069 dantia
258 1009 437 1069 motionibus
474 1010 622 1068 concitata
656 1010 810 1085 amarique
846 1008 1037 1068 mixtionibus
1069 1027 1131 1068 non

118 1099 234 1174 patitur
250 1090 423 1181 bestialrum
439 1098 618 1174 palustrium
638 1117 746 1176 genera
763 1097 806 1155 ibi
824 1097 915 1172 nasci,
938 1116 1074 1173 quaeque
1093 1098 1129 1156 de
1136 1108 1171 1161 11(

25 1206 29 1222 ’
119 1186 319 1263 superioribus
340 1183 344 1266 Ι
364 1187 436 1247 locis
464 1188 595 1247 natando
617 1187 750 1263 proxime
773 1186 845 1245 litus
868 1187 1069 1267 perveniunt,
1083 1187 1130 1244 in-
1147 1195 1172 1251 24

120 1279 262 1335 consueta
284 1275 460 1335 salsitudine
483 1279 634 1335 necantur.
676 1276 826 1351 exemplar
849 1276 949 1333 autem
971 1275 1062 1334 huius
1085 1274 1130 1334 rei

120 1363 252 1423 Gallicae
270 1364 395 1439 paludes
414 1368 540 1439 possunt
558 1382 621 1422 esse
640 1382 718 1439 quae
737 1364 847 1422 circum
860 1363 998 1422 Altinum
1011 1363 1129 1423 Raven-

118 1471 188 1511 nam
210 1453 383 1527 Aquileiam
405 1452 525 1528 aliaque
548 1471 624 1528 quae
647 1452 680 1510 in
703 1452 846 1511 eiusmodi
869 1453 942 1512 locis
965 1452 1129 1528 municipia

119 1543 189 1600 sunt
214 1541 349 1616 proxima
376 1532 558 1622 paludilbus,
586 1540 666 1616 quod
688 1540 734 1599 his
757 1540 923 1600 rationibus
949 1541 1062 1600 habent
1084 1541 1128 1599 in·
1136 1551 1172 1602 1⁵(

66 1649 100 1696 12
119 1627 288 1687 credibilem
319 1628 535 1688 salubritatem.
590 1628 698 1704 quibus
731 1632 833 1688 autem
864 1629 1025 1688 insidentes
1058 1632 1130 1688 sunt

118 1717 241 1792 paludes
257 1719 287 1776 ct
300 1737 360 1776 non
377 1717 489 1776 babent
505 1717 600 1776 exitus
618 1718 798 1793 profluentes
817 1737 914 1793 neque
932 1738 986 1794 per
1003 1718 1128 1777 flumina

119 1824 215 1881 neque
247 1824 300 1881 per
330 1806 437 1883 fossas,
469 1806 515 1864 uti
546 1805 736 1883 Pomptinae,
768 1807 874 1865 stando
906 1809 1067 1881 putescunt
1099 1810 1130 1866 et

118 1912 235 1953 umores
259 1913 363 1970 graves
393 1898 423 1954 et
444 1895 618 1970 pestilentes
641 1895 673 1953 in
695 1896 741 1953 his
763 1895 836 1955 locis
861 1895 1009 1954 emittunt.
1054 1896 1128 1953 item

117 1981 150 2040 in
162 1982 274 2058 Apulia
293 1983 435 2058 oppidum
450 1982 553 2060 Salpia
571 1987 667 2058 natue,
686 1984 766 2059 quod
786 1979 789 2062 l
810 1984 967 2042 Diomedes
987 1984 1024 2042 ab
1037 1984 1172 2046 Troiam:

117 2071 232 2130 rediens
257 2072 413 2130 constituit
434 2072 497 2132 sive
516 2073 765 2148 quemadmodum
783 2073 920 2132 nonnulli
943 2073 1126 2148 scripserunt

117 2159 221 2235 Elpias
243 2160 390 2236 Rhodius,
418 2161 450 2219 in
477 2160 621 2220 eiusmodi
647 2161 719 2220 locis
742 2161 843 2219 morat
865 2161 1066 2236 conlocatum,
1092 2181 1127 2220 ex

117 2267 177 2323 quo
208 2247 322 2307 incolae
354 2250 514 2325 quotannis
547 2250 728 2327 aegrotando
760 2249 930 2308 laborantes
963 2249 1126 2326 aliquando

116 2341 316 2412 pervenerunt
343 2339 381 2396 ad
405 2337 445 2396 M.
468 2338 631 2397 Hostilium
658 2338 696 2396 ab
724 2357 818 2413 eoque
845 2337 963 2413 publice
990 2340 1126 2415 petentes

116 2425 351 2500 impetraverunt
364 2429 400 2484 ut
417 2427 443 2485 is
461 2427 601 2486 idoneum
614 2427 714 2486 locum
727 2427 766 2485 ad
778 2427 895 2486 moenia
909 2419 1172 2509 transiierendaffill

117 2514 305 2588 conquireret
336 2515 526 2591 eligeretque.
576 2519 648 2573 tunc
679 2516 704 2574 is
738 2519 870 2575 moratus
898 2534 957 2573 non
986 2519 1044 2589 est,
1076 2516 1128 2575 sed

117 2602 220 2659 statim
237 2602 403 2661 rationibus
423 2603 591 2663 doctissime
608 2604 751 2680 quaesitis
771 2604 934 2662 secundum
951 2623 1033 2662 mare
1051 2625 1126 2663 mer·

118 2693 202 2748 catus
226 2693 272 2748 est
293 2692 508 2765 possessionem
529 2693 595 2752 loco
618 2692 732 2751 salubri
754 2693 792 2750 ab
815 2695 982 2768 senatuque
1000 2694 1126 2770 populo-

188 2917 203 2965 7
222 2911 254 2965 fit
274 2912 311 2967 G:
336 2930 386 2968 om.
401 2913 434 2967 H
437 2913 464 2969 S.
487 2915 497 2983 ll
519 2918 535 2966 8
553 2929 630 2966 mare
646 2956 652 2968 .
669 2957 674 2968 .
691 2956 696 2968 .
712 2915 795 2967 aucto
810 2914 845 2967 H
861 2916 987 2983 (auctum
1006 2915 1124 2997 Uestae),

116 2982 188 3037 mari
203 3026 208 3037 .
224 3024 230 3037 .
247 3026 252 3037 .
268 2985 350 3038 aucto
366 2984 424 3040 GS.
442 2985 445 3055 l
461 2982 574 3053 paludis
589 2985 647 3039 HS
662 2984 734 3055 (des
750 2985 794 3052 G).
814 2986 823 3054 ΙΙ
842 2989 857 3037 9
877 2985 1018 3040 concitata
1040 3002 1125 3040 man·

117 3070 170 3121 que
193 3053 344 3123 (marisque
365 3055 426 3126 GS)
444 3072 471 3110 x.
495 3057 504 3124 ΙΙ
527 3061 562 3108 14
581 3054 752 3126 aquilegiam
769 3072 797 3111 oc.
825 3057 834 3124 ΙΙ
862 3060 894 3108 17
913 3073 964 3125 per
981 3055 1029 3127 (fl.)
1050 3057 1125 3113 Gal:

116 3142 166 3179 om.
185 3126 220 3179 H
234 3133 260 3180 ct
278 3132 340 3181 wate
362 3129 413 3195 ips.
432 3143 500 3180 corr.
515 3126 542 3180 S.
565 3129 574 3196 ΙΙ
598 3132 630 3180 18
649 3125 811 3196 pomptinae
825 3127 868 3180 H:
892 3126 1017 3201 pomtinq
1039 3127 1097 3184 GS.
1118 3127 1123 3200 Ι

116 3197 279 3265 putescunt:
297 3199 336 3252 sic
349 3215 369 3252 a
388 3199 560 3266 (putrescunt
573 3197 607 3252 L.
633 3199 668 3265 cf.
683 3198 846 3251 Lachmann
863 3203 901 3253 ad
914 3199 997 3252 Iacer.
1013 3217 1043 3268 p.
1058 3202 1125 3268 188,

117 3267 181 3320 Keil
200 3269 237 3321 ad
260 3267 339 3322 Varr.
350 3286 379 3337 p.
395 3271 449 3337 90).
488 3270 652 3337 putrescunt
678 3269 738 3338 (sic)
766 3269 835 3321 male
858 3285 926 3323 corr.
951 3269 1027 3324 Plio.
1050 3270 1124 3341 Auq.

115 3342 160 3405 11,
168 3341 226 3391 277
239 3368 272 3377 —
287 3356 343 3393 aon
357 3342 400 3407 12,
410 3344 454 3393 96.
469 3341 478 3408 ΙΙ
492 3344 526 3392 20
540 3337 676 3393 diomedis
687 3339 725 3392 H.
740 3340 797 3407 1122
812 3337 920 3407 elphias
934 3357 960 3395 a.
976 3343 985 3410 ΙΙ
999 3346 1033 3394 23
1049 3341 1124 3409 quod

116 3423 197 3478 annis
216 3426 337 3496 (seraper)
351 3428 386 3481 H
400 3429 442 3496 (at
460 3428 535 3495 quod
548 3445 601 3497 pro
620 3429 707 3496 quot).
730 3429 740 3498 {l
762 3433 797 3480 24
813 3415 901 3496 an,
923 3427 1004 3497 MS,
1027 3433 1125 3483 marcii

119 3496 223 3566 &1125
242 3497 336 3552 uthis
355 3498 390 3552 Η
392 3499 420 3567 S,
442 3498 485 3552 uti
502 3497 546 3552 bis
568 3499 672 3568 &1126
691 3497 892 3568 elegeretquae
911 3500 949 3555 H.
