2416 3922
133 186 198 255 ἒξ,
541 163 705 217 VITRUVII

141 326 422 399 ωε,11311161166
444 314 624 374 familiarum
648 314 685 371 ad
708 314 738 371 id
763 313 842 389 quod
860 315 1132 389 praeparavissent,

130 390 182 484 §a
207 416 292 477 „230
317 407 442 484 amplius
469 403 641 477 adicienteS,
672 402 805 461 aedificia
833 403 1015 478 expedirent.
1037 397 1041 481 l
1063 411 1191 467 namara

131 478 180 587 ’μὶ
208 480 424 581 ‘qnairingenta
455 492 493 550 ad
525 510 597 566 opus
630 495 755 566 possunt
785 509 905 567 parare,
942 492 968 550 si
1002 492 1132 551 adicient

128 612 257 661 ,estana
282 584 412 647 habendo
435 599 516 656 spem
545 580 735 655 perfectionis
758 579 1005 640 delectationibus
1029 584 1131 640 tenen·

127 706 189 751 aas,
214 679 265 755 qni
290 679 389 734 aulem
416 668 578 727 adiectione
607 669 729 727 dimidia
757 672 810 727 aut
837 669 983 744 ampliore
1009 673 1154 746 sumptus

127 784 289 837 ,sex-entur.
310 761 418 820 amissa
440 777 491 832 spe
516 762 545 815 et
567 759 692 833 inpensa
715 757 840 831 abiecta,
862 758 966 816 fractis
991 758 1079 817 rebus
1103 763 1131 818 et

94 896 106 917 1
124 858 229 925 scitaris
250 844 395 929 desistere
419 849 573 923 coguntur.
615 865 668 905 nec
691 848 787 905 solum
809 846 840 903 id
863 846 972 905 vitium
995 847 1027 904 in
1053 848 1164 909 aedi-(⁵)

91 922 100 933 ⁹
125 948 196 1011 :Za-{is
222 941 270 1002 sal
297 938 387 997 etiam
413 936 445 992 iu
472 936 643 994 muneribus
671 954 746 1010 quae
775 954 792 992 a
815 935 1043 1011 magistratibus
1067 938 1128 996 foro

125 1034 318 1105 assuetam
342 1024 512 1100 scaenisque
536 1025 674 1082 ludorum
697 1023 814 1096 dantur,
839 1023 944 1099 quibus
969 1044 1023 1083 nec
1048 1044 1129 1084 mora

124 1106 214 1199 {esaim
240 1114 404 1190 expectatio
433 1113 604 1172 conceditur
631 1114 682 1171 sed
704 1113 863 1171 necessitas
886 1112 972 1172 finito
996 1115 1128 1189 tempore
1142 1134 1164 1173 11

122 1210 255 1293 pertisum
278 1203 366 1279 cogit,
389 1202 419 1259 id
443 1205 488 1260 est
511 1203 592 1260 sedes
616 1202 851 1277 spectaculorum
873 1203 1068 1278 velorumque
1087 1204 1128 1260 in-

121 1296 269 1363 ducdones
293 1294 323 1350 et
344 1309 378 1348 ea
399 1285 402 1368 l
424 1290 523 1350 omnia
543 1310 618 1366 quae
637 1291 777 1349 scaenicis
796 1290 926 1349 moribus
945 1311 1000 1365 per
1017 1291 1126 1350 machi·
1135 1301 1173 1348 (1⁰)

121 1386 267 1451 aetianam
286 1380 325 1438 ad
343 1380 539 1454 spectationes
558 1381 670 1454 populo
690 1382 907 1454 comparantur.
943 1380 977 1437 in
994 1380 1041 1439 his
1061 1400 1128 1439 vero

120 1492 192 1553 ,ipsus
219 1472 263 1528 est
290 1469 448 1543 prudentia
477 1469 602 1544 diligens
631 1472 661 1526 et
687 1469 800 1545 ingenii
828 1468 994 1527 doctissimi
1017 1470 1128 1546 cogita-

121 1581 191 1635 111111,
213 1557 292 1633 quod
314 1558 389 1614 nihil
408 1577 510 1615 eorum
528 1557 679 1632 perficitur
697 1559 759 1615 sine
778 1557 999 1616 machinatione
1019 1558 1161 1617 studio-1⁵

88 1666 239 1725 1111111116
262 1647 345 1705 vario
370 1665 404 1704 ac
427 1647 541 1704 sollerti
563 1647 673 1722 vigore.
710 1645 803 1722 igitur
826 1646 967 1722 quoniam
990 1646 1065 1706 haec
1088 1647 1128 1704 ita

119 1740 188 1799 111111
214 1734 326 1793 tradita
349 1737 379 1792 et
401 1736 574 1809 constituta,
596 1729 599 1812 l
620 1753 679 1792 non
702 1734 820 1793 videtur
843 1753 904 1792 esse
929 1735 1063 1793 alienum
1086 1736 1127 1794 uti
1135 1744 1170 1795 (1⁵)

118 1828 203 1887 caute
231 1842 403 1898 summaque
427 1823 595 1900 diligentia,
626 1826 787 1899 antequam
809 1823 1009 1882 instituantur
1032 1843 1127 1900 opera,

118 1932 218 1975 eorum
255 1912 448 1986 expediantur
484 1912 623 1971 rationes.
679 1931 748 1989 ergo
781 1912 922 1987 quoniam
954 1933 1051 1988 neque
1085 1915 1128 1972 lex

118 2019 212 2075 neque
239 2001 355 2059 morum
382 2000 531 2058 institutio
559 2001 591 2058 id
612 2004 711 2075 potest
735 2020 837 2078 cogere
861 2003 891 2059 et
915 2004 1078 2075 quotannis
1101 2006 1161 2060 etro

117 2092 265 2167 praetores
290 2093 319 2147 et
343 2089 451 2148 aediles
474 2089 612 2148 ludorum
635 2109 724 2149 causa
746 2090 981 2149 machinationes
1005 2110 1127 2167 praepa·

116 2196 180 2237 rare
200 2177 315 2252 debent,
333 2179 432 2236 visum
449 2178 522 2235 mihi
542 2181 594 2251 est,
612 2179 783 2254 imperator,
804 2174 807 2256 l
828 2198 887 2236 non
907 2197 970 2237 esse
991 2180 1170 2253 alienumdll

117 2268 258 2341 quoniam
292 2268 326 2325 de
359 2266 499 2325 aedificiis
532 2267 563 2324 in
593 2269 741 2342 prioribus
768 2267 970 2326 voluminibus
1000 2269 1128 2344 exposui,

116 2355 147 2411 in
174 2355 229 2413 hoc
258 2356 335 2431 quod
361 2356 526 2413 finitionem
550 2375 695 2414 summam
718 2356 847 2431 corporis
871 2355 962 2414 habet
986 2358 1126 2416 constitu·

116 2445 191 2516 tam,
220 2464 295 2518 quac
323 2445 383 2502 sint
404 2445 551 2520 principia
574 2445 778 2503 machinarum
801 2445 939 2503 ordinata
961 2447 1127 2523 praeceptis
1138 2463 1159 2504 25

117 2532 270 2605 explicare.

76 2634 88 2685 1
182 2620 320 2678 Machina
350 2625 395 2680 est
423 2623 574 2680 continens
603 2642 617 2680 e
643 2624 768 2681 materia
791 2623 959 2682 coniunctio
985 2625 1127 2682 maximas

119 2699 177 2789 Jad
206 2728 328 2766 onerum
353 2714 452 2769 motus
475 2711 586 2769 habens
610 2710 743 2770 virtutes.
790 2730 824 2769 ea
846 2715 985 2770 movetur
1009 2733 1044 2771 ex
1067 2717 1169 2772 arraei

116 2797 293 2855 circulorum
316 2799 583 2875 rotundationibus,
606 2819 696 2875 quam
716 2799 820 2858 Graeci
844 2800 992 2874 κυκλικην
1013 2818 1126 2876 κινηειν

117 2888 277 2961 appellant.
316 2891 360 2947 est
379 2891 482 2946 autem
499 2909 592 2946 unum
610 2908 703 2964 genus
723 2887 904 2948 scansorium
924 2890 1007 2964 quod
1026 2910 1126 2968 graece
1138 2909 1159 2948 a

117 2976 325 3050 ακροβατικον
363 2977 483 3051 dicitur,
520 2979 648 3035 alterum
680 2978 819 3053 spirabile
852 2977 934 3052 quod
967 2981 1049 3054 apud
1081 2998 1126 3038 eos

116 3088 329 3097 -·-—-—-——-

187 3133 203 3180 3
223 3127 413 3198 quadraginta
430 3145 457 3181 x.
476 3130 485 3197 ss
504 3133 519 3180 9
539 3128 712 3197 scenicisque
730 3147 758 3183 a.
777 3131 786 3198 ΙΙ
805 3135 837 3182 11
857 3128 1037 3184 inductiones
1057 3133 1126 3184 sunt.

117 3197 140 3250 h
159 3214 193 3251 ea
210 3217 230 3252 a
249 3201 328 3267 (nes.
358 3200 422 3251 sunt
441 3199 505 3253 eea
520 3200 572 3265 E).
591 3201 600 3268 ΙΙ
619 3205 652 3252 13
672 3200 860 3269 spectationes
875 3200 950 3254 EG:
969 3201 1028 3255 -nis
1044 3202 1106 3256 HS.
1119 3202 1127 3268 {j

118 3275 151 3322 14
170 3269 297 3338 cogitata
315 3288 341 3323 x.
370 3272 379 3339 ΙΙ
407 3275 439 3322 21
459 3269 676 3324 machinationis
700 3273 760 3340 (ips.
780 3273 859 3339 corr.)
880 3270 916 3325 8⁰.
945 3275 955 3340 ΙΙ
983 3279 1019 3325 24
1041 3272 1125 3341 quod:

116 3375 165 3442 qui
183 3377 282 3443 161127
302 3375 436 3429 amatoria
452 3376 518 3430 ΗΕ
524 3378 561 3432 G:
577 3354 710 3444 'iiateria
724 3377 746 3431 S
761 3379 806 3445 (ex
824 3395 911 3446 sopra
926 3378 973 3446 5⁰³).
990 3382 1047 3448 1128
1067 3394 1125 3433 arce

117 3449 215 3514 621129
235 3462 321 3513 quam
336 3447 410 3502 EG:
429 3453 483 3515 que
497 3449 532 3502 H
547 3450 582 3517 (q.
603 3466 643 3517 gr.
663 3466 712 3502 6111.
728 3449 770 3518 S).
787 3451 791 3518 Ι
808 3448 932 3517 cyclicen
952 3451 1060 3504 cinesin
1077 3468 1104 3504 a.
1117 3448 1126 3520 ΙΙ

117 3522 148 3568 31
170 3517 350 3570 acrobaticon
368 3536 395 3572 x.
