2416 3922
344 163 393 218 ns
412 163 874 235 murmurmurmur
1050 158 1117 232 21'5

103 316 233 392 posteris
260 317 370 393 cogunt
396 332 459 374 esse
482 318 578 375 notes.
622 316 725 391 itaque
747 317 801 391 qui
822 317 991 375 litterarum
1012 317 1115 376 iucun-

103 403 251 464 ditatibus
272 404 415 463 intinctas
438 403 549 462 habent
570 406 684 463 mentes
706 424 766 464 non
784 408 909 481 possunt
926 425 986 465 nou
1003 406 1036 464 in
1054 407 1115 466 suis

41 501 95 559 818
102 492 274 570 pectoribus
294 492 462 552 dedicatum
479 492 587 550 habere
607 487 611 570 1
632 492 720 552 sicuti
738 493 860 552 deorum
877 496 919 554 sic
937 495 1028 553 Ennii
1045 514 1115 571 poe·

103 586 155 642 tae
188 581 388 641 simulacrum.
442 580 527 640 Accii
558 583 659 640 autem
691 582 868 642 carminibus
901 582 952 659 qui
984 584 1115 644 studiose

79 671 293 731 sdelectantur
309 690 369 730 non
387 669 474 728 modo
492 669 650 729 verborum
667 670 795 730 virtutes
813 672 865 730 sed
883 672 974 730 etiam
987 672 1116 750 figuram

105 760 169 819 eius
190 758 331 818 videntur
352 776 451 818 secum
473 757 580 817 habere
603 761 796 834 praesentem.
833 761 905 818 item
928 762 1028 836 plures
1046 765 1115 837 post
1134 768 1168 817 1⁷

67 851 239 909 (⁵)nostram
269 846 443 907 memoriam
471 849 624 906 nascentes
654 866 721 906 oum
741 843 745 925 1
765 847 905 909 Lucretio
934 849 1116 909 videbuntur

103 937 190 997 velut
211 954 311 995 coram
332 935 368 994 de
391 954 488 994 rerum
510 939 618 994 natura
641 935 801 1011 disputare,
824 938 860 994 de
879 940 943 996 arte
961 957 1033 997 vero
1049 939 1114 997 rhe-

102 1027 201 1087 torica
222 1044 290 1084 cum
312 1023 459 1098 Cicerone,
481 1024 570 1082 multi
591 1027 778 1099 posterorum
801 1044 867 1083 oum
890 1026 1023 1085 Varrone
1046 1046 1114 1086 con-

64 1134 91 1174 1o
102 1115 202 1173 ferent
224 1132 388 1173 sermonem
408 1113 444 1172 de
462 1113 566 1190 lingua
584 1113 687 1190 latina,
710 1132 770 1172 non
787 1114 885 1173 minus
904 1115 994 1173 etiam
1013 1116 1114 1191 plures

103 1202 251 1279 philologi
279 1219 346 1260 cum
374 1201 552 1261 Graecorum
582 1201 765 1277 sapientibus
793 1203 888 1261 multa
918 1203 1113 1264 deliberantes

51 1302 94 1354 (1⁰)
104 1294 234 1351 secretos
253 1309 322 1350 cum
338 1290 384 1350 his
403 1289 582 1351 videbuntur
599 1290 707 1348 habere
726 1309 884 1367 sermones,
904 1284 908 1372 1
929 1294 960 1351 et
978 1292 1016 1350 ad
1034 1311 1113 1351 sum·

102 1398 186 1440 mam
213 1378 393 1455 sapientium
420 1377 597 1454 scriptorum
624 1380 788 1439 sententiae
815 1380 986 1456 corporibus
1010 1380 1113 1440 absen-

103 1468 186 1528 tibus
222 1471 374 1527 vetustate
409 1468 548 1527 florentes
585 1487 654 1527 cum
684 1469 788 1528 insunt
817 1468 898 1529 inter
928 1471 1052 1530 consilia
1083 1473 1114 1529 et

64 1577 90 1618 rs
102 1557 336 1633 disputationes,
373 1556 498 1615 maiores
534 1556 646 1615 habent
682 1576 772 1633 quam
807 1559 1008 1634 praesentium
1043 1563 1114 1618 sunt

102 1645 298 1706 auctoritates
321 1663 431 1704 omnes.
476 1645 592 1721 itaque,
615 1644 732 1722 Caesar,
755 1647 801 1705 his
825 1648 995 1706 auctoribus
1018 1649 1112 1707 fretus
1133 1656 1167 1705 18

101 1733 237 1795 sensibus
269 1753 370 1793 eorum
401 1733 543 1793 adhibitis
575 1737 606 1792 et
636 1735 767 1795 consiliis
800 1754 834 1793 ea
864 1737 1017 1796 volumina
1045 1756 1113 1796 con·

48 1834 92 1887 (1⁵)
102 1823 218 1899 scripsi,
241 1824 272 1881 et
293 1814 450 1904 priotribus
473 1826 587 1898 septem
610 1824 646 1881 de
665 1824 815 1898 aedificiis,
839 1829 944 1884 octavo
963 1827 999 1884 de
1017 1827 1114 1902 aquis,

47 1942 50 1947 ·
101 1913 134 1972 in
155 1912 213 1972 hoc
235 1912 271 1970 de
294 1911 476 1988 gnomonicis
499 1911 665 1972 rationibus
689 1914 940 1988 quemadmodum
963 1915 998 1972 de
1021 1915 1114 1975 radiis

61 2001 175 2062 assolis
202 2001 234 2059 in
261 2000 372 2059 mundo
399 2003 468 2059 sunt
489 2020 544 2075 per
564 1999 685 2060 umbras
708 2004 862 2078 gnomonis
884 2003 1024 2062 inventae
1048 2003 1113 2079 qui-

100 2089 218 2166 busque
240 2088 405 2147 rationibus
428 2088 592 2147 dilatentur
615 2092 668 2147 aut
690 2089 905 2149 contrahantur
928 2091 1090 2165 explicabo.

168 2179 216 2237 Ea
248 2180 349 2235 autem
380 2180 451 2236 sunt
482 2176 583 2236 divina
614 2181 713 2236 mente
745 2182 916 2254 comparata
943 2179 1140 2254 habentquel

48 2259 340 2349 (madtmirationem
361 2284 502 2344 magnam
524 2265 788 2342 considerantibus,
811 2267 890 2342 quod
912 2266 1017 2326 umbra
1040 2287 1112 2345 gno·

99 2355 198 2415 monis
231 2354 457 2430 aequinoctialis
489 2355 550 2413 alia
581 2354 787 2438 magnitudine
820 2358 865 2414 est
893 2354 1019 2414 Athenis
1051 2356 1113 2415 alia

60 2465 88 2507 as
100 2442 301 2504 Alexandriae
323 2443 400 2502 aliae
419 2443 530 2502 Romae
553 2463 613 2502 non
636 2442 739 2502 eadem
756 2443 928 2502 Placentiae
947 2446 1112 2521 ceterisque

100 2533 182 2594 orbis
209 2534 357 2592 terronam
384 2532 465 2591 locis
511 2533 613 2608 itaque
641 2532 729 2609 longe
756 2532 845 2590 aliter
867 2532 981 2591 distant
1003 2533 1112 2593 descri-

100 2623 219 2699 ptiones
250 2622 471 2699 horologiorum
501 2622 634 2681 locorum
665 2621 888 2680 mutationibus.
937 2622 1112 2681 umbrarum

47 2711 182 2778 tamenim
205 2710 467 2786 aequinoctialium
484 2701 748 2790 magtnitudinibus
767 2710 963 2787 designantur
980 2713 1111 2771 analem-

99 2802 251 2863 matorum
272 2799 393 2874 formae,
419 2817 435 2856 e
458 2798 564 2874 quibus
587 2798 780 2874 perficiuntur
802 2800 841 2857 ad
862 2800 1010 2859 rationem
1031 2802 1111 2860 loco·

172 2992 190 3040 2
207 2985 356 3040 instinctas
370 3002 397 3040 a.
412 2988 451 3056 113
470 2984 643 3054 pectoribus:
663 2985 824 3054 corporibus
841 2986 937 3055 G(sed
949 3003 1035 3055 supra
1053 2989 1112 3040 iat
1130 3038 1141 3061 ι

98 3056 261 3129 pectoribus
277 3057 332 3121 Ψ).
349 3060 353 3124 Ι
370 3056 514 3110 dedicatas
532 3073 559 3110 x.
576 3056 581 3128 1
597 3054 662 3111 enni
677 3057 714 3110 H.
729 3059 770 3126 14
788 3055 849 3111 acci
866 3059 940 3125 (cote
958 3060 1037 3126 corr.)
1051 3057 1086 3111 E.
1101 3056 1111 3129 11

99 3135 116 3183 6
143 3136 286 3200 prae(pre·
306 3127 348 3194 E,
374 3132 405 3198 p·
425 3128 600 3196 GSlsentem
627 3127 929 3199 οεεθ11Η,.Εθδ)
957 3127 1027 3182 Item
1054 3145 1082 3182 x.
1101 3134 1110 3199 1

101 3205 134 3254 13
153 3198 286 3271 sapientr'r
304 3198 330 3254 S.
358 3200 368 3268 11
396 3203 429 3252 18
448 3200 556 3269 septem
574 3198 641 3254 HS:
660 3217 706 3254 vn.
722 3199 782 3255 Eo
800 3200 868 3268 (scil.
888 3197 963 3269 dixi).
985 3201 994 3268 11
1015 3203 1049 3252 20
1068 3199 1111 3252 in·

99 3308 186 3362 venta
197 3350 202 3360 .
213 3303 333 3374 equibq,
353 3304 376 3361 S
394 3306 477 3377 (rmdc
499 3281 613 3378 invent}
624 3346 630 3359 .
642 3321 667 3372 q.
689 3305 744 3374 6¹⁶).
774 3307 793 3429 11
817 3310 850 3359 25
875 3304 1035 3375 placentino
1054 3305 1081 3359 S.
1100 3304 1111 3377 11

99 3384 134 3433 26
154 3376 294 3448 descrip(b
309 3375 343 3430 H
355 3375 440 3432 tionis
455 3377 489 3430 H
491 3376 513 3432 S
524 3378 595 3445 (nes
609 3375 687 3444 EG).
702 3377 711 3445 11
726 3380 759 3429 28
794 3374 957 3447 esignantur
970 3377 1043 3431 EG:
1063 3376 1111 3430 de·

100 3448 311 3520 sidesignantur
355 3491 365 3516 ,
383 3447 407 3502 si
425 3447 608 3517 designantur
622 3445 712 3516 S(G⁶).
727 3448 784 3517 1129
803 3446 939 3502 locorum:
962 3447 1111 3516 longorum

99 3538 120 3576 x
139 3521 199 3591 (ubi
216 3522 235 3574 i.
254 3537 289 3575 m.
309 3518 342 3575 S*
360 3522 373 3572 t
390 3518 587 3588 horologioru).
1102 3544 1105 3549 ‹
