2416 3922
359 165 407 219 DE
426 163 707 220 ARCHITECTURA
724 165 791 220 LIB.
810 165 830 236 Ι,
851 172 865 218 1
1095 164 1117 229 5

50 328 95 379 (16)
104 317 214 393 parati.
261 316 365 391 itaque
393 335 428 374 ex
451 336 485 375 eo
508 316 598 376 multi
621 319 737 375 statuas
760 316 894 375 Persicas
914 313 919 386 1
940 316 1118 375 sustinentes

105 406 249 481 epistylia
273 407 303 464 et
326 408 500 464 ornamenta
524 425 626 465 eorum
644 405 882 479 conlocaverunt,
906 407 936 463 et
958 405 1003 463 ita
1026 425 1061 462 ex
1084 424 1118 465 eo

105 496 283 572 argumento
310 494 472 553 varietates
505 494 639 572 egregias
673 497 821 552 auxerunt
849 493 996 569 operibus.
1045 493 1120 551 item

105 586 178 643 sunt
210 582 287 641 aliae
320 583 451 641 eiusdem
483 583 598 659 generis
629 582 785 658 historiae,
822 601 949 657 quarum
979 581 1120 641 notitiam

78 692 91 733 5
106 671 283 731 architectos
307 673 407 730 tenere
423 674 559 747 oportet.
596 671 784 747 philosophia
802 691 871 731 vero
890 671 1007 748 perficit
1024 671 1118 730 archi·
1138 685 1154 734 7

104 763 220 820 tectum
243 760 342 819 animo
364 779 473 837 magno
497 764 528 819 et
550 761 679 820 utinen
702 761 742 819 sit
765 761 921 837 adrogans,
944 760 996 819 sed
1018 761 1119 835 potius

51 842 223 931 ‹rrrtfacilis
247 868 359 924 aequus
378 852 409 907 et
430 849 526 908 fidelis
545 849 607 908 sine
627 849 764 923 avaritia,
787 849 867 925 quod
886 853 931 908 est
948 849 1120 925 maximum,

105 939 224 997 nullum
252 939 332 996 enim
354 956 427 1014 opus
450 958 519 997 vere
543 937 605 996 sine
628 938 685 997 fide
709 941 739 996 et
762 939 902 998 castitate
924 938 989 996 fieri
1011 940 1119 1014 potest

105 1047 143 1086 ne
176 1027 216 1085 sit
248 1026 373 1102 cupidus
404 1046 501 1103 neque
533 1027 565 1085 in
596 1027 768 1103 muneribus
801 1027 980 1103 accipiendis
1009 1026 1121 1086 habeat

67 1138 92 1176 16
107 1117 240 1175 animum
278 1118 471 1191 occupatum,
508 1117 560 1174 sed
597 1134 664 1173 cum
700 1115 849 1192 gravitate
881 1134 965 1174 suam
997 1118 1121 1174 tueatur

107 1205 287 1282 dignitatem
313 1203 422 1263 bonam
449 1206 562 1263 famam
584 1204 727 1263 habendo.
774 1204 899 1262 ethaeo
923 1205 1001 1261 enim
1024 1204 1120 1279 philo-

51 1306 96 1357 (20)
107 1293 214 1370 sophia
231 1293 413 1369 praeseribit.
435 1287 439 1375 Ι
460 1295 615 1369 praeterea
634 1293 669 1350 de
687 1312 787 1351 rerum
801 1295 909 1351 natura
923 1311 1000 1368 quae
1015 1311 1120 1369 graece
1164 1308 1166 1344 ῑ

107 1381 298 1456 φυειολογια
316 1381 425 1440 dieitur
447 1382 636 1458 philosophia
660 1382 797 1458 explicat,
820 1400 912 1457 quam
934 1399 1051 1440 necesse
1075 1384 1121 1440 est

106 1471 268 1530 studiosius
291 1471 417 1544 novisse,
440 1473 521 1547 quod
542 1471 635 1530 habet
658 1471 770 1530 multas
795 1474 824 1529 et
846 1471 945 1530 varias
968 1470 1120 1529 naturales

66 1581 92 1622 15
107 1559 304 1635 quaestiones,
329 1562 363 1618 ut
386 1560 478 1618 etiam
495 1561 526 1617 in
545 1579 693 1635 aquarum
712 1559 910 1618 ductionibus.
951 1558 1120 1619 incursibus

108 1649 188 1706 enim
211 1651 242 1706 et
265 1648 519 1708 circumitionibus
543 1652 574 1708 et
600 1649 711 1707 librata
733 1649 859 1724 planitie
883 1648 1120 1724 expressionibus

50 1750 96 1802 (2⁵)
107 1737 232 1813 spiritus
255 1738 408 1796 naturales
433 1738 521 1796 aliter
541 1728 640 1819 atique
664 1738 753 1796 aliter
770 1737 856 1812 fiunt,
879 1757 1008 1812 quorum
1030 1737 1121 1796 offen·

108 1825 240 1886 sionibus
277 1826 389 1884 mederi
425 1846 511 1887 nemo
543 1827 655 1902 poterit
690 1826 749 1885 nisi
781 1827 834 1902 qui
866 1845 901 1884 ex
932 1825 1121 1901 philosophia

107 1914 256 1990 principia
283 1935 383 1973 rerum
410 1919 536 1974 naturae
563 1915 687 1974 noverit.
732 1915 806 1974 item
834 1916 887 1990 qui
916 1914 1039 1974 Ctesibii
1066 1917 1121 1974 aut

64 2025 92 2065 ao
106 2003 294 2062 Archimedis
324 2006 355 2063 et
381 2007 547 2063 ceterorum
574 2005 626 2079 qui
655 2004 787 2063 eiusdem
815 2004 930 2080 generis
960 2006 1121 2080 praecepta

67 2092 346 2168 (tconscripserunt
372 2092 465 2169 leget,
493 2093 603 2152 sentire
630 2111 690 2151 non
717 2092 828 2168 poterit
855 2093 913 2151 nisi
939 2092 986 2150 his
1007 2088 1010 2170 1
1030 2092 1120 2151 rebus

107 2181 329 2257 aphilosophis
348 2180 405 2239 erit
424 2181 588 2241 institutus,
624 2182 757 2240 musicen
776 2184 876 2239 autem
895 2181 970 2239 sciat
993 2184 1120 2255 oportet,
1138 2195 1155 2244 8

106 2270 154 2328 uti
177 2269 350 2328 canonicam
377 2270 524 2329 rationem
552 2274 582 2329 et
608 2270 851 2329 mathematicam
875 2271 978 2328 notam
1001 2269 1120 2345 haheat,

106 2361 262 2435 praeterea
289 2359 479 2417 ballistarum
507 2361 728 2435 catapultarum
756 2358 943 2433 scorpionum
972 2361 1121 2432 tempera·

64 2470 91 2510 aa
106 2450 190 2506 turas
222 2448 317 2523 possit
348 2450 427 2506 recte
459 2448 564 2506 facere.
614 2448 647 2505 in
679 2447 820 2523 capitulis
848 2447 926 2505 enim
954 2445 1058 2505 dextra
1085 2463 1120 2506 ac

66 2550 95 2602 (⁵)
107 2537 229 2594 sinistra
249 2530 254 2614 l
275 2539 344 2594 sunt
365 2535 514 2594 foramina
530 2537 769 2611 hemitoniorum,
791 2554 844 2610 per
861 2553 938 2611 quae
956 2535 1122 2594 tenduntur

106 2625 218 2684 suculis
248 2627 278 2683 et
303 2625 436 2684 vectibus
466 2645 481 2683 e
507 2645 599 2685 nervo
626 2626 699 2684 torti
730 2625 830 2699 funes,
863 2624 916 2700 qui
948 2645 1008 2684 non
1034 2644 1120 2700 prae·

106 2712 270 2772 cluduntur
292 2733 346 2772 nec
373 2714 582 2791 praeligantur
604 2713 662 2773 nisi
685 2714 800 2773 sonitus
824 2713 863 2771 ad
887 2713 1008 2772 artificis
1032 2731 1120 2773 aures

107 2805 202 2861 certos
230 2804 261 2860 et
287 2802 427 2878 aequales
453 2803 586 2861 fecerint.
631 2802 769 2861 bracchia
797 2802 876 2860 enim
905 2822 982 2878 quae
1009 2803 1041 2861 in
1069 2820 1119 2860 eas
1163 2849 1165 2853 Α

65 2917 92 2957 66
106 2892 255 2949 tentiones
269 2891 471 2965 includuntur,
483 2912 550 2951 oum
564 2893 771 2966 extenduntur,
785 2890 951 2966 aequaliter
964 2895 994 2949 et
1007 2890 1121 2966 pariter

179 3172 193 3219 1
204 3164 288 3218 multi
299 3165 362 3221 GS:
372 3164 468 3219 multis
478 3172 543 3220 cate
551 3181 606 3220 ras.
615 3167 653 3220 H.
662 3165 673 3238 Ι(
683 3171 698 3219 5
709 3168 839 3236 oporteat
846 3183 873 3220 66.
884 3165 894 3237 lt
904 3172 937 3218 13
947 3163 1120 3245 phy(iS)sio-

106 3235 184 3307 logia
197 3237 232 3290 H
234 3237 263 3304 S,
280 3235 441 3306 phisioloya
456 3237 488 3293 G.
506 3236 510 3307 1
527 3234 660 3307 (dieitur.)
678 3254 732 3308 que
752 3237 857 3292 661618.
873 3240 882 3306 (1
898 3241 930 3290 16
949 3234 1119 3289 circuitioni-

105 3306 159 3361 bus
181 3324 209 3362 ro.
237 3311 246 3376 ΙΙ
275 3313 307 3360 19
331 3307 454 3362 ctesibii:
482 3309 589 3377 cum(ou
609 3307 786 3376 GS)thesbia
804 3325 830 3363 er.
859 3309 868 3376 ΙΙ
896 3313 930 3360 23
953 3305 995 3360 uti
1019 3311 1029 3358 t
1053 3306 1120 3376 (vel)

107 3377 242 3432 canonica
258 3378 284 3432 G
302 3381 358 3448 (sed
376 3396 452 3434 eraso
470 3382 484 3431 1
501 3395 589 3447 supra
606 3381 684 3433 secl
703 3378 951 3447 66116160011126
971 3376 1119 3432 emitonio-

105 3449 274 3574 rplrmszjt
288 3449 459 3576 agpuroulis
477 3467 505 3505 6.
520 3452 529 3520 Ι(
543 3454 577 3503 29
596 3447 714 3503 fecerint
730 3449 792 3506 GS:
814 3451 892 3502 -runt
910 3449 948 3503 H.
966 3448 1119 3519 {bracchia

143 3543 149 3574 2
187 3537 234 3574 rac
255 3537 284 3574 ra
350 3563 358 3577 .
