2416 3922
115 144 181 211 292
439 143 478 198 11.
497 140 800 196 castraverunt

115 296 197 371 operi
223 294 356 355 tectorio.
407 293 438 350 in
466 291 672 352 commixtione
702 291 739 349 ad
766 291 839 351 duas
865 294 967 367 partes
1000 292 1128 351 harenae

115 404 174 445 uua
193 383 282 443 calcis
302 383 449 440 mittatur.
487 381 518 438 in
536 381 679 440 fluuatili
701 383 800 440 autem
822 381 934 439 harena
955 382 985 440 si
1007 381 1130 440 tertiam

115 475 230 549 partem
258 474 352 530 testae
380 473 476 529 cretae
507 468 668 544 addideris,
695 469 802 528 miram
825 468 1009 529 soliditatem
1032 469 1129 546 operis

135 559 287 622 raestabit.

13 644 65 737 iffi
74 582 135 737 ¹¹2⁸?
211 647 352 706 Faciendi
379 649 478 705 autem
500 648 608 705 lateres
632 649 701 706 sunt
724 666 759 705 ex
784 649 865 705 terra
888 645 957 705 alba
980 648 1029 705 vel
1052 649 1153 707 cretas

13 750 105 793 uenus
144 738 191 796 vel
212 733 216 816 Ι
236 736 352 795 rubrica
376 739 429 794 aut
452 735 593 795 sabulone
616 736 756 795 masculo.
801 735 875 793 haec
897 754 1008 812 genera
1032 737 1175 796 terraetttt

13 821 128 924 &⁶⁹33
143 828 266 902 propter
283 826 438 884 levitatem
455 825 580 884 fortiora
599 825 668 882 sunt
687 825 777 901 operi.
815 826 913 882 cetera
930 843 1042 901 genera
1060 844 1130 901 quo·

72 904 77 926 ¹
142 916 223 973 niam
242 918 294 973 aut
313 915 417 991 gravia
435 916 505 972 sunt
519 916 571 971 aut
588 914 691 988 paleas
709 931 769 972 non
787 913 940 971 continent
957 915 1013 972 aut
1030 932 1131 973 umore

116 1021 219 1080 sparsa
237 1003 296 1063 cito
318 998 322 1081 t
343 1003 506 1075 solvuntur,
528 1004 686 1077 propterea
704 1001 825 1060 fabricis
843 1001 965 1060 inutilia
983 1001 1186 1065 videnturitt

115 1093 242 1151 ducendi
269 1095 370 1150 autem
397 1094 467 1150 sunt
493 1091 602 1150 lateres
630 1109 720 1150 verno
748 1093 895 1166 tempore,
923 1093 957 1149 ut
986 1109 1022 1149 er
1048 1091 1129 1150 lento
1142 1111 1165 1150 1o

115 1183 285 1240 siccesoant.
330 1181 383 1256 qui
410 1180 488 1239 enim
516 1179 669 1239 solstitiali
695 1181 828 1255 tempore
850 1181 1006 1255 parantur,
1029 1180 1131 1238 vitiosi

115 1270 201 1343 fiunt,
225 1269 365 1345 quoniam
388 1269 468 1328 calor
491 1269 561 1327 solis
584 1267 715 1327 torridus
738 1267 850 1326 corium
872 1267 905 1326 in
931 1287 1048 1328 summo
1072 1269 1130 1327 cito

116 1358 253 1432 desiccat,
276 1360 306 1416 et
325 1357 409 1433 quasi
428 1349 547 1439 initegri
565 1357 711 1432 videntur,
734 1359 838 1433 postea
856 1375 942 1416 umor
959 1357 1164 1418 interanenst)

115 1447 185 1505 dum
215 1447 343 1505 siccatur
371 1446 520 1506 contrahit
545 1446 659 1504 frontes
688 1447 719 1504 et
742 1445 877 1504 scissuris
900 1445 1011 1505 dividit
1035 1448 1066 1504 et
1087 1446 1130 1504 in·

116 1536 204 1595 utiles
233 1536 314 1611 operi
342 1535 451 1593 lateres
478 1535 560 1593 facit.
610 1534 737 1593 maxime
764 1536 866 1592 tamen
893 1534 1022 1593 tectorio
1050 1534 1131 1610 operi
1143 1553 1164 1593 rs

116 1624 237 1682 inutiles
271 1625 370 1696 erunt,
403 1623 428 1682 si
463 1626 531 1682 ante
562 1623 715 1681 biennium
746 1622 914 1682 inducatur.
964 1643 1027 1682 non
1054 1623 1131 1682 enini

116 1715 242 1787 possunt
265 1715 335 1770 ante
357 1711 476 1787 penitus
500 1712 613 1770 siccari.
649 1711 727 1770 fiunt
749 1715 850 1771 autem
872 1712 1003 1770 laterum
1025 1731 1131 1789 genera

117 1801 185 1858 tria.
222 1820 316 1859 unum
339 1799 418 1875 quod
441 1819 546 1878 graece
564 1799 694 1876 Lydium
717 1791 903 1882 aplpellatun
926 1801 1052 1877 longum
1075 1809 1174 1860 ses-(1⁰)

119 1888 246 1964 quipede
268 1889 365 1946 latum
387 1889 471 1964 pede,
493 1907 553 1965 quo
572 1889 666 1948 nostri
684 1891 818 1948 utuntur.
856 1891 927 1949 sunt
946 1892 976 1948 et
995 1889 1057 1949 alia
1075 1891 1131 1948 duo

117 1976 247 2036 laterum
260 1996 378 2054 genera,
396 1997 489 2035 unum
508 1978 717 2052 πενταδωρον
732 1980 762 2036 et
776 1979 903 2036 alterum
916 1979 1129 2052 τετραδωρον.
1142 1997 1164 2037 so

117 2066 225 2140 δωρον
250 2069 350 2125 autem
374 2064 479 2125 Graeci
505 2067 639 2142 palmum
668 2067 831 2142 appellant.
875 2067 980 2142 itaque
1004 2067 1131 2127 artifices

119 2156 249 2231 quinque
275 2155 444 2231 palmorum
470 2154 591 2230 publica
620 2174 710 2230 opera
733 2157 866 2214 extruere
890 2158 1075 2215 consuerunt
1104 2158 1131 2214 et

116 2262 164 2301 1111
190 2246 385 2320 privatorum.
437 2244 501 2302 fieri
532 2243 680 2303 debebunt
711 2246 742 2303 et
768 2244 949 2303 semilateria
970 2239 974 2322 Ι
995 2246 1175 2306 remissaseo

119 2351 194 2407 quae
226 2333 355 2391 laterum
386 2333 540 2392 iuncturas
571 2333 748 2408 interposita
779 2335 926 2409 reparent.
978 2333 1025 2392 ita
1054 2335 1132 2393 enim

117 2420 170 2479 fiet
197 2425 231 2479 ut
261 2441 329 2480 oum
357 2422 432 2480 alter
461 2422 584 2481 alterius
610 2422 743 2499 protegit
770 2422 1021 2499 coniunctionem,
1048 2422 1165 2480 firmare

118 2512 285 2568 structurae
308 2510 443 2571 soliditas
466 2513 578 2587 surgat.

13 2589 82 2684 {31ssss
93 2600 134 2682 ¹32
214 2596 355 2657 Laterieii
367 2600 495 2674 parietes
508 2598 604 2658 tribus
617 2598 839 2658 inductionibus
857 2599 940 2674 prius
959 2599 1132 2675 solidentur,

13 2696 76 2738 riost·
100 2698 134 2735 te·
148 2688 184 2744 ut
207 2705 279 2761 opus
302 2688 460 2747 tectorium
482 2687 544 2746 sine
563 2687 637 2747 vitio
660 2687 817 2762 accipiant.
857 2706 928 2745 nam
952 2689 978 2747 si
1001 2691 1132 2748 recentes

13 2749 134 2852 {ffiffli
150 2765 327 2856 strulctnrae
351 2778 381 2834 et
402 2777 587 2835 inductiones
609 2777 721 2835 fuerint
737 2779 767 2835 et
784 2794 844 2835 non
863 2778 932 2835 ante
948 2777 1133 2852 siccaverint
1140 2784 1175 2835 (lt

13 2873 59 2968 iii'
72 2874 91 2926 ²,
108 2875 122 2914 ⁸
149 2882 216 2922 oum
230 2881 360 2923 arescere
375 2865 532 2941 coeperint,
546 2864 680 2924 scissuris
689 2866 876 2925 venustatem
890 2865 989 2941 operis
1003 2885 1132 2927 corrum-
1144 2883 1166 2924 11

48 2928 82 2980 '²'
92 2927 133 2979 11).
146 2955 227 3028 pent.
277 2953 309 3010 in
340 2952 412 3011 urbe
445 2956 545 3012 autem
574 2955 697 3028 propter
727 2954 950 3013 multitudinem
980 2955 1133 3015 hominnm

117 3043 246 3117 parietes
270 3041 456 3101 caementicii
477 3042 571 3102 altius
589 3045 753 3118 struuntur,
775 3062 813 3102 ne
831 3044 922 3102 latius
943 3043 1001 3104 soli
1019 3043 1131 3121 magni·

119 3131 255 3189 tudinem
286 3134 437 3206 occupent.
492 3131 598 3189 merito
631 3150 701 3209 ergo
735 3131 900 3190 latericiam
931 3132 1043 3192 habero
1074 3151 1133 3191 non

118 3219 276 3294 potuitne
290 3219 419 3295 pondere
436 3210 439 3300 i
456 3219 515 3279 cito
530 3223 670 3297 corrupta
682 3219 796 3278 fabrica
808 3219 967 3280 laberetur.
990 3220 1132 3281 latericiis
1140 3227 1174 3280 (²⁶)

119 3326 189 3384 ergo
217 3308 382 3383 parietibus
404 3307 479 3367 vitia
507 3328 584 3384 quae
612 3309 709 3368 solent
736 3309 867 3368 accidere
895 3329 933 3368 ne
961 3310 1050 3387 fiant,
1076 3311 1164 3369 111111

118 3396 206 3455 modo
230 3397 287 3454 erit
308 3396 532 3473 providendum.
568 3399 600 3456 in
623 3390 793 3457 summitate
814 3397 965 3473 parietum
983 3402 1131 3459 st1uctura

118 3486 251 3543 testacea
274 3505 340 3544 cum
361 3484 596 3561 prominentibus
619 3487 734 3546 coronis
753 3487 912 3546 altitudine
931 3488 1129 3565 sesquipedali
