2416 3922
312 158 360 211 DE
378 157 658 213 ARCHITECTURA
676 158 742 212 LIB.
762 158 808 227 IX,
828 165 844 212 8
1019 159 1084 224 235

47 312 224 385 lpatentem
249 309 409 369 offensione
433 311 531 368 tactus
555 308 668 368 sonitus
692 300 884 390 exlpresserat
907 309 1083 369 claritatem.

69 418 142 476 ergo
166 397 314 457 Ctesibius
343 417 410 456 cum
437 397 696 457 animadvertisset
719 417 754 456 ex
777 401 861 456 tactu
884 399 959 457 caeli
982 402 1012 457 et
1035 415 1118 461 err-4

67 487 270 564 pressionibus
298 487 420 561 spiritus
447 481 604 563 <sonitus>
631 505 776 562 vocesque
804 488 900 560 nasci,
930 488 976 545 his
1003 487 1083 562 prin·

68 575 155 652 cipiis
182 594 254 635 usus
284 575 475 651 hydraulicas
503 575 655 633 machinas
682 576 796 650 primus
825 577 910 635 instit
934 576 964 634 't
1010 577 1083 634 item

47 683 216 741 sequarum
235 663 434 738 expressiones
454 666 790 740 automatopoeetasque
809 666 960 724 machinas
974 666 1082 723 multa·

67 772 126 830 que
150 753 324 812 deliciarum
342 771 461 830 genera,
483 754 515 810 in
533 753 579 810 his
599 753 690 810 etiam
707 753 930 829 horologiorum
949 774 984 812 ex
1003 773 1083 829 aqua

47 854 59 901 ›)
89 842 327 918 comparationes
351 841 502 916 explicuit.
539 841 729 916 primumque
751 843 907 902 constituit
925 862 1029 900 cavum
1049 864 1083 901 ex

47 940 59 994 3
92 949 168 989 auro
194 932 359 1006 perfectum
387 933 439 989 aut
467 949 502 988 ex
525 949 642 1006 gemma
664 930 822 989 terebrata.
869 950 904 989 ea
928 932 1007 989 enim
1029 951 1083 990 nec

65 1021 208 1078 terxmtur
232 1039 374 1095 percursu
397 1038 493 1097 aquae
516 1038 570 1078 nec
593 1019 693 1077 sordes
716 1019 864 1094 recipiunt
887 1023 921 1078 ut
944 1020 1082 1080 obturen-

47 1111 125 1167 ›tur
161 1127 291 1183 namque
315 1109 480 1183 aequaliter
502 1127 556 1182 per
578 1107 609 1164 id
633 1127 740 1167 cavum
762 1108 888 1167 influens
912 1127 992 1183 aqua
1015 1108 1082 1166 sub·
1101 1125 1117 1171 5

64 1198 149 1256 levat
173 1196 510 1272 scaphium'inversum‚
535 1196 613 1271 quod
637 1196 674 1254 ab
698 1196 862 1256 artificibus
885 1197 1001 1271 phellos
1020 1197 1081 1255 sive

47 1289 244 1362 >tympanum
264 1281 268 1363 1
289 1285 405 1344 dicitur.
442 1286 474 1343 in
498 1303 556 1360 quo
580 1286 734 1344 conlocata
758 1288 803 1344 est
824 1287 929 1362 regula
947 1286 1082 1344 versatili

64 1378 211 1451 tympano
229 1374 386 1432 denticulis
407 1373 580 1448 aequalibus
598 1375 739 1448 perfecta.
774 1374 825 1449 qui
844 1374 986 1433 denticuli
1005 1374 1081 1432 alius

65 1464 161 1522 alium
184 1464 360 1538 inpellentes
383 1462 565 1521 versationes
589 1463 719 1521 modicas
742 1463 858 1521 faciunt
879 1466 909 1521 et
926 1463 1081 1522 motiones.

47 1552 141 1612 sitem
171 1552 247 1610 aliae
274 1552 396 1628 regulae
425 1552 542 1626 aliaque
570 1554 715 1626 tympana
743 1552 780 1609 ad
808 1552 934 1610 eundem
962 1553 1082 1609 modum

66 1641 190 1700 dentata
219 1660 279 1699 una
301 1634 432 1700 motione
456 1644 559 1699 coacta
582 1641 726 1700 versando
749 1641 865 1699 faciunt
887 1635 1007 1699 effectus
1030 1659 1081 1698 va·

48 1731 248 1804 >notatasque
271 1720 454 1810 moltionum,
477 1730 508 1786 in
532 1729 637 1804 quibus
657 1734 814 1788 moventur
832 1730 940 1806 sigilla,
962 1733 1081 1788 vertun-

65 1822 117 1878 tur
146 1821 254 1891 metae,
283 1818 390 1876 calculi
421 1821 474 1875 aut
503 1836 560 1876 ova
587 1818 781 1893 proiciuntur,
810 1819 934 1878 bucinae
962 1822 1082 1892 canunt,

64 1907 242 1982 reliquaque
274 1925 409 1984 parerga.
454 1907 486 1964 in
518 1907 563 1964 his
597 1907 687 1964 etiam
720 1910 773 1965 aut
803 1908 836 1965 in
863 1909 1000 1966 columna
1028 1910 1116 1969 auto

47 1996 252 2072 *parastatica
274 1996 365 2053 horae
389 1994 603 2068 describuntur,
627 2015 700 2070 quas
720 1996 852 2073 sigillum
872 1997 1023 2072 egrediens
1044 1996 1081 2053 ab

47 2086 128 2145 ¹imo
151 2084 270 2161 virgula
293 2084 442 2160 significat
464 2083 496 2141 in
519 2083 606 2156 diem¹
620 2086 726 2142 totum.
771 2103 897 2158 quarum
919 2084 1080 2142 brevitates

48 2176 121 2236 taut
151 2173 326 2232 crescentias
354 2192 514 2232 cuneorum
538 2171 669 2230 adiectus
691 2167 695 2249 1
717 2175 768 2230 aut
792 2175 943 2247 exemptus
966 2173 998 2229 in
1021 2174 1080 2229 sin-

64 2261 145 2340 gulis
177 2261 281 2321 diebus
314 2265 344 2320 et
374 2261 523 2319 mensibus
555 2260 694 2335 perficere
727 2261 816 2336 cogit.
861 2261 1079 2334 praeclusiones

64 2370 214 2426 aquarum
247 2351 285 2408 ad
316 2350 542 2425 temperandum
573 2349 617 2407 ita
649 2352 719 2407 sunt
751 2350 939 2407 constitutae.
983 2350 1080 2406 metae

47 2440 142 2498 sfiunt
170 2438 259 2514 duae,
285 2459 346 2497 una
373 2439 469 2498 solida
497 2457 557 2496 una
580 2457 667 2512 cava,
697 2458 732 2495 ex
754 2440 841 2496 torno
864 2438 908 2495 ita
931 2439 1080 2512 perfectae

63 2532 99 2588 ut
127 2529 189 2586 alia
214 2528 246 2585 in
269 2529 361 2586 aliam
383 2528 458 2586 inire
482 2528 697 2602 convenireque
720 2527 828 2602 possit,
858 2528 888 2584 et
911 2526 1012 2585 eadem
1035 2545 1079 2584 re·

63 2617 138 2694 gula
160 2616 272 2675 laxatio
296 2637 399 2676 earum
422 2619 475 2674 aut
498 2616 643 2675 coartatio
668 2615 778 2673 efficiat
802 2617 854 2673 aut
877 2615 1080 2674 vehementem

47 2698 70 2787 11
87 2708 142 2763 aut
164 2706 261 2764 lenem
283 2706 315 2764 in
341 2724 375 2764 ea
397 2724 471 2764 vasa
495 2724 589 2779 aquae
612 2704 784 2762 influentem
807 2723 933 2762 cursum.
970 2705 1014 2762 ita
1032 2705 1079 2762 his

139 2954 152 3001 1
173 2946 325 3001 offensrone
344 2947 423 2998 tactu
441 2963 468 2999 x.
491 2946 500 3012 11
525 2950 540 2996 2
561 2943 681 2998 cleobius
696 2944 760 3010 HS,
778 2943 850 2998 -bies
868 2945 900 2999 G.
924 2944 928 3016 1
952 2945 1080 2998 extractu

62 3037 91 3075 cr.
111 3021 122 3088 11
140 3024 156 3072 3
172 3017 287 3088 spiritus
302 3032 439 3085 vocesque
458 3015 537 3069 nasei
551 3032 579 3069 cc.
598 3017 608 3084 11
626 3013 781 3068 tinstituit
795 3016 829 3069 H
831 3015 927 3085 S(G⁶):
947 3014 1080 3067 instruxit

66 3090 94 3145 G
113 3091 170 3160 (sed
191 3106 279 3158 supra
296 3096 309 3140 i
328 3091 358 3140 at
382 3084 509 3140 instituit
528 3087 582 3156 G0).
610 3088 619 3155 11
647 3087 827 3140 bautomato
850 3086 996 3155 pictasque
1015 3084 1080 3152 HS,
1120 3146 1123 3152 ,

64 3178 91 3218 a.
105 3159 242 3230 ¹pitasque
259 3161 292 3216 G.
316 3161 325 3228 11
348 3164 364 3212 8
383 3161 457 3212 terre
475 3157 559 3211 brata
575 3157 608 3212 G.
632 3159 641 3225 11
662 3163 677 3210 9
696 3159 822 3210 terentur
839 3159 912 3225 (cate
931 3159 1010 3224 corr.)
1025 3156 1051 3210 S.
1073 3155 1077 3227 1

62 3248 200 3302 percussu
212 3249 240 3286 ω.
258 3232 261 3303 1
278 3247 351 3301 aque
366 3229 462 3284 sordes
475 3244 527 3282 nec
540 3243 594 3282 rec.
609 3230 659 3297 (sic
673 3235 736 3282 cute
749 3231 830 3297 corr.)
844 3229 877 3282 G.
894 3232 898 3296 1
915 3229 1080 3296 opturentur

63 3303 133 3359 Hs:
158 3303 331 3356 obdurentur
352 3302 384 3356 G.
413 3303 422 3369 11
450 3306 481 3353 11
503 3298 779 3368 scaphum(-1'1GS)
798 3317 826 3353 x.
854 3300 863 3367 11
891 3305 923 3351 12
943 3303 958 3350 e
981 3296 1080 3366 regula

62 3372 199 3428 versatile
222 3376 358 3442 tympano
383 3372 409 3425 d.
434 3388 475 3424 ae.
501 3372 565 3423 sunt
588 3368 715 3439 perfecta
732 3387 760 3424 a,
788 3371 797 3438 11
826 3375 859 3423 18
877 3367 997 3422 bucinae
1016 3370 1078 3441 (-q):

62 3448 105 3500 sic
122 3462 150 3499 a.
165 3447 174 3514 11
189 3450 223 3497 20
242 3459 314 3512 quae
333 3446 398 3515 (que
415 3442 480 3511 GS)
500 3440 625 3510 sigillum
642 3458 670 3495 a.
685 3443 694 3507 11
709 3447 741 3493 21
762 3457 879 3508 quorum
897 3459 925 3494 cr.
940 3443 996 3508 1128
1016 3439 1079 3493 leue

65 3517 101 3572 G.
127 3515 131 3588 1
156 3532 226 3570 vasa
245 3531 318 3588 aque
336 3515 367 3569 S:
386 3528 529 3581 vasaquae
545 3513 584 3580 H,
602 3528 653 3565 vas
673 3528 745 3584 aquq²
761 3513 795 3566 G.
