2416 3922
87 154 89 157 ⁵
128 197 193 262 248
549 194 714 250 vruuuvn

128 347 208 406 basis
240 349 317 405 esset
348 365 366 404 a
392 348 543 405 vestutate
575 345 723 421 diffracta,
754 347 918 404 metuentes
950 365 989 404 ne
1022 345 1136 404 caderet

130 457 164 495 ea
184 431 188 513 Ι
209 437 308 494 statua
332 437 362 493 at
379 435 573 512 frangeretur,
595 434 768 493 locavemnt
787 453 822 492 ex
840 433 951 492 eisdem
968 433 1135 510 lapidicinis
1142 444 1166 496 (⁵)

127 525 225 583 basim
243 523 440 582 excidendam.
468 523 609 582 conduxit
628 524 749 598 quidam
766 522 921 581 Paeonius.
946 523 1021 581 haec
1040 526 1135 582 autem

129 613 208 671 basis
239 616 303 670 erat
332 612 422 689 longa
450 612 540 687 pedes
569 611 735 687 duodecim,
765 612 827 669 lata
855 612 945 687 pedes
975 630 1047 687 vm,
1077 613 1135 670 alta

129 701 217 778 pedes
236 720 295 760 sex.
326 720 416 777 quam
432 700 579 760 Paeonius
599 701 694 777 gloria
712 701 806 758 fretus
824 719 884 759 non
902 701 950 759 uti
967 699 1135 778 Metagenes
1156 718 1166 759 ⁵

130 790 314 866 adportavit,
342 790 393 849 sed
421 789 523 848 eadem
546 789 661 848 ratione
686 789 744 847 alio
768 808 873 866 genere
897 789 1055 848 constituit
1076 807 1134 848 ma-

78 896 112 943 11
131 879 248 938 chinam
270 879 374 937 facere.
396 874 400 956 Ι
420 881 502 937 rotas
526 878 604 936 enim
627 878 743 936 circiter
764 877 873 953 pedum
896 896 937 937 xv
959 878 1034 936 fecit
1056 881 1086 936 et
1105 878 1176 938 inco

129 968 176 1027 his
199 968 272 1025 rotis
292 968 391 1043 capita
409 966 517 1042 lapidis
535 966 666 1041 inclusit,
689 966 793 1025 deinde
812 967 889 1025 eirca
907 966 1040 1041 lapidem
1057 967 1135 1025 fusos

130 1056 309 1115 sextantales
337 1056 373 1113 ab
401 1059 467 1114 rota
495 1055 532 1114 ad
559 1058 656 1113 rotam
684 1056 722 1113 ad
748 1056 891 1114 circinum
918 1055 1069 1133 compegit
1094 1055 1135 1112 ita

129 1145 175 1204 uti
202 1146 284 1204 fissus
312 1163 330 1202 a
357 1145 423 1204 fuse
451 1163 510 1202 non
533 1144 657 1203 distaret
679 1145 783 1219 pedem
805 1144 864 1202 nisi
886 1163 987 1202 unum.
1034 1143 1167 1202 deludere

130 1234 208 1293 circa
230 1235 311 1292 fusos
329 1235 431 1291 funem
448 1233 575 1292 involvit
594 1236 624 1291 et
640 1231 738 1292 bubus
756 1232 864 1292 iunctis
882 1233 985 1291 funem
1003 1231 1134 1291 ducebat

129 1323 173 1381 ita
201 1342 268 1381 cum
293 1314 498 1404 explicalretnr
520 1320 659 1381 volvebat
681 1325 775 1396 rotas,
802 1321 854 1380 sed
875 1339 936 1380 non
957 1323 1078 1397 poterat
1100 1319 1175 1380 adab

130 1413 241 1469 lineam
263 1411 312 1468 via
335 1413 416 1470 recta
439 1410 544 1468 ducere
567 1410 617 1470 sed
641 1410 740 1469 exibat
760 1411 792 1467 in
814 1430 904 1468 unam
926 1413 1053 1486 partem.
1094 1409 1135 1467 ita

130 1518 247 1558 necesse
271 1502 335 1558 erat
357 1517 457 1558 narsus
480 1500 672 1557 retroducere.
719 1500 761 1559 sic
782 1498 929 1557 Paeonius
953 1498 1085 1558 ducendo
1108 1500 1134 1556 et

130 1588 294 1647 reducendo
317 1589 474 1663 pecuniam
498 1589 646 1663 contrivit,
668 1591 703 1646 ut
726 1587 764 1645 ad
783 1587 956 1646 solvendum
974 1601 1035 1646 non
1054 1589 1133 1646 esset
1145 1603 1165 1644 rs

79 1692 111 1740 15
196 1676 343 1735 Pusillum
366 1679 448 1734 extra
470 1676 644 1753 progrediar
666 1680 696 1735 et
718 1677 754 1735 de
776 1676 822 1734 his
844 1675 1015 1752 lapidicinis
1039 1693 1133 1751 quem·

132 1756 297 1846 adlmodum
317 1765 376 1823 sint
394 1766 531 1824 inventae
550 1784 702 1842 exponam.
729 1764 893 1824 Pixodarus
910 1765 1012 1823 fuerat
1029 1767 1133 1840 pastor.
1140 1772 1172 1822 (¹⁰)

130 1854 156 1911 is
183 1853 215 1910 in
237 1853 283 1911 his
306 1853 378 1912 locis
400 1853 581 1912 versabatur.
628 1873 696 1912 cum
719 1856 818 1912 autem
841 1853 918 1912 cives
942 1853 1134 1928 Ephesiorum

132 1942 296 2019 cogitarent
323 1944 426 2000 fanum
448 1942 563 2001 Dianae
591 1963 626 2001 ex
648 1961 795 2002 marmore
816 1943 914 2000 facere
937 1942 1092 2001 decernere
1111 1943 1134 1998 t·

132 2050 189 2106 que
217 2050 234 2088 a
261 2030 338 2089 Paro
365 2030 551 2090 Proconneso
573 2031 718 2090 Heraclea
740 2031 838 2090 Thaso
865 2031 910 2088 uti
937 2049 1069 2089 marmor
1094 2046 1165 2087 re-sc

130 2122 289 2195 peteretur,
311 2120 459 2195 propulsis
484 2120 587 2178 ovibus
605 2119 769 2179 Pixodarus
791 2121 823 2177 in
844 2119 948 2179 ecdem
965 2119 1032 2178 loco
1050 2136 1133 2195 pecus

130 2199 294 2290 pascelbat,
320 2208 420 2283 ibique
447 2209 505 2267 duc
534 2209 641 2267 arietes
668 2208 747 2266 inter
774 2227 804 2267 se
832 2210 1039 2287 concurrentes
1062 2207 1173 2266 nuncu

132 2297 224 2355 alium
243 2293 248 2376 Ι
268 2297 484 2373 praeterierunt
511 2301 542 2356 et
567 2297 681 2372 impetu
708 2299 787 2357 facto
810 2315 886 2355 unus
910 2296 1050 2357 cornibus
1072 2299 1181 2372 per-til

131 2387 223 2445 cussit
253 2405 368 2460 saxum,
398 2405 433 2444 ex
463 2405 521 2461 quc
552 2390 650 2445 crusta
680 2385 887 2445 candidissimo
916 2385 1016 2444 colore
1043 2386 1155 2465 fuerat,

131 2474 252 2533 deiecta.
297 2475 341 2533 ita
362 2474 527 2534 Pixodarus
554 2475 663 2533 dicitur
686 2493 754 2534 oves
777 2476 809 2533 in
830 2473 982 2532 montibus
1005 2472 1163 2549 reliquis-u
1207 2548 1208 2551 Ἴ

131 2581 162 2620 se
190 2566 220 2620 et
248 2566 378 2622 crustam
406 2564 514 2623 cursim
536 2564 699 2639 Ephesum,
726 2581 793 2622 cum
821 2562 949 2621 maxime
979 2562 1016 2621 de
1046 2581 1080 2622 ea
1105 2579 1134 2619 re
1207 2622 1208 2626 ,

132 2653 278 2727 ageretur,
301 2652 449 2710 detulisse.
485 2654 530 2710 ita
553 2653 656 2711 statim
676 2647 679 2731 Ι
700 2653 823 2710 honores
847 2652 1043 2710 decrevenmt
1064 2650 1091 2710 ei
1107 2652 1163 2709 etei

131 2758 238 2798 nomen
266 2743 458 2799 mutavemnt
486 2744 521 2799 ut
549 2761 602 2816 pro
632 2741 777 2799 Pixodaro
805 2740 977 2818 Euangelus
1006 2740 1133 2800 nomina·

204 2985 217 3032 1
238 2979 264 3033 d.
284 2979 307 3033 dc
331 2983 398 3034 met.
411 2997 438 3035 a.
456 2981 460 3051 Ι
477 2980 589 3034 caderet
603 2981 680 3050 S(=
694 2980 743 3049 L):
762 2979 874 3034 cederet
888 2979 922 3033 H
926 2981 952 3035 G
970 2981 1087 3049 (cadem
1102 2994 1133 3034 aa.

131 3067 164 3106 ca
176 3057 270 3105 statua
283 3067 365 3120 qaam
378 3052 475 3118 „dicos
484 3052 645 3122 Augustas‘
658 3049 787 3121 Ephesiis
799 3052 955 3106 restituerat
973 3059 1040 3106 tame
1053 3053 1134 3106 111000

131 3122 269 3192 erigenda,
285 3138 335 3176 see.
350 3121 425 3175 Plio.
440 3125 484 3189 34,
495 3124 531 3176 58
544 3124 579 3190 cf.
594 3123 719 3177 Strobos.
734 3133 791 3172 XIV
798 3139 828 3190 p.
844 3125 907 3176 637.
923 3125 995 3191 640).
1011 3124 1021 3190 ΙΙ
1035 3127 1051 3175 3
1065 3125 1099 3193 (ct
1110 3120 1136 3202 b)

132 3191 265 3261 paeonius
275 3210 303 3247 c.
317 3195 326 3262 Ι
339 3199 356 3246 4
371 3211 425 3245 ‚xm
438 3192 495 3248 GS.
509 3196 518 3262 Ι
533 3201 548 3248 9
563 3196 704 3247 sextantes
713 3212 740 3248 c.
756 3195 765 3262 Ι
780 3198 813 3245 10
825 3192 897 3262 pede
912 3208 974 3246 esse
986 3194 1033 3262 (ee
1040 3194 1133 3275 Slnnu

131 3280 158 3325 ,a
173 3265 182 3331 Ι
197 3268 229 3315 11
246 3265 286 3317 et:
301 3266 333 3316 ut
345 3280 373 3318 a.
390 3264 394 3331 Ι
410 3262 552 3317 ducebant
564 3282 591 3318 a.
607 3266 616 3333 Ι
631 3270 664 3317 14
677 3263 812 3333 paeonius
826 3265 889 3333 (laic)
903 3263 939 3316 H
942 3264 978 3331 G,
990 3259 1137 3333 peomnsS

133 3333 278 3402 (paeonius
295 3335 347 3403 G0).
362 3334 371 3401 Ι
386 3338 418 3386 15
434 3334 601 3389 contricavit
613 3353 640 3390 a.
655 3338 664 3405 Ι
679 3339 711 3388 20
729 3337 844 3403 prceo(n
858 3334 975 3404 Slnesso
988 3353 1017 3391 a.
1035 3337 1040 3406 Ι
1056 3330 1133 3390 thasii

133 3404 204 3472 HG,
223 3405 270 3458 sed
286 3403 370 3457 thasu
389 3406 447 3474 (sic)
462 3405 488 3459 S.
519 3411 522 3473 Ι
551 3405 794 3478 marmolrepdrat’
808 3406 851 3460 H:
869 3421 1010 3460 marmore
1027 3407 1134 3478 petatur

134 3474 192 3530 GS.
220 3476 229 3543 ΙΙ
257 3480 291 3528 23
308 3474 450 3554 petierunt
470 3477 513 3530 Ga
546 3479 555 3546 ΙΙ
587 3483 620 3530 24
641 3478 743 3532 fuerat:
766 3479 806 3532 sic
823 3494 844 3531 c
863 3479 912 3602 ΙΙΙ.
927 3479 1020 3546 praef,
1039 3479 1078 3534 ed.
1092 3490 1131 3546 pr·

126 3563 158 3613 p.
182 3557 221 3595 ΓΠ
233 3550 305 3615 not).
320 3550 329 3615 Ι
343 3551 376 3599 ‘25
395 3545 549 3614 reliquias&
558 3547 562 3619 Ι
572 3550 693 3602 crustam
707 3547 742 3601 H
751 3550 818 3616 (000
832 3547 858 3603 G
887 3551 904 3618 ).
919 3550 929 3618 Ι
943 3553 978 3602 28
996 3550 1031 3604 ut
1048 3561 1132 3605 0011.
