2416 3922
119 157 185 222 182
540 155 703 211 VITRUVll

117 327 173 384 que
205 307 320 383 physici
353 310 383 365 et
414 306 582 382 philosophi
613 307 687 364 haec
718 306 864 383 principia
892 325 955 365 esse
984 308 1127 382 quattuor

116 400 344 473 proposuerunt,
368 414 466 454 aerem
484 395 584 472 ignem
601 398 712 453 terram
731 414 851 471 aquam,
868 413 1032 471 eorumque
1050 395 1127 453 inter

118 504 148 544 se
171 485 391 544 cohaerentiam
413 484 546 542 naturali
567 483 745 560 figuratione
768 503 784 542 e
808 475 960 566 genelrum
982 483 1158 545 discnmi-(h

81 574 203 632 auibus
226 573 340 632 efficere
365 573 533 648 qualitates.
570 572 834 632 animadvertimus
857 592 928 632 vero
951 591 1013 631 non
1031 573 1126 631 solum

116 663 269 721 nascentia
292 682 327 721 ex
349 662 396 720 his
419 679 481 720 esse
504 664 660 736 procreata
683 662 734 720 sed
757 661 848 720 etiam
870 679 916 720 res
941 679 1043 720 omnes
1068 679 1147 722 nous

116 752 157 809 ali
179 753 242 810 sine
266 770 369 809 eomm
391 752 540 826 potestate
563 769 658 825 neque
682 768 810 809 crescere
833 769 887 809 nee
910 750 999 808 tueri.
1045 768 1126 809 nam·

115 859 173 916 que
196 859 319 915 corpora
343 839 405 898 sine
429 838 550 914 spiritus
573 838 771 897 redundantia
793 858 854 898 non
874 841 1002 914 possunt
1019 838 1125 898 habere

114 929 219 1003 vitam,
240 928 300 1000 nisi
323 947 374 986 aer
395 928 522 985 influens
545 946 613 986 cum
634 928 815 986 incremento
840 927 945 986 fecerit
968 930 1075 986 auctus
1097 930 1125 985 et

116 1008 326 1098 'remissiones
358 1017 551 1075 continenter.
601 1016 707 1075 caloris
735 1036 805 1075 vero
837 1017 863 1075 si
890 1035 951 1074 non
977 1016 1071 1074 fuerit
1096 1017 1167 1076 inco

116 1124 237 1181 corpore
259 1106 339 1165 iusta
363 1105 555 1181 comparatio,
577 1122 637 1163 non
659 1105 717 1163 erit
735 1105 857 1180 spiritus
875 1105 1014 1164 animalis
1032 1123 1157 1180 nequer·

116 1195 224 1254 erectio
248 1194 341 1270 firma,
367 1194 484 1269 cibique
507 1194 585 1252 vires
608 1212 667 1252 non
689 1196 831 1270 poterunt
852 1193 961 1252 habere
985 1193 1125 1252 coctionis

115 1287 355 1359 temperaturam.
391 1284 465 1341 item
487 1281 512 1341 si
534 1302 594 1341 non
611 1283 745 1341 terrestri
763 1282 827 1341 cibo
846 1282 978 1341 membra
997 1282 1124 1359 corporis

115 1373 242 1448 alantur,
265 1372 402 1431 deficient
425 1373 455 1429 et
476 1371 519 1430 ita
543 1391 560 1428 a
583 1370 694 1429 terreni
715 1371 855 1447 principii
877 1370 1020 1430 mixtione
1040 1373 1122 1429 amnt

79 1471 93 1518 3
113 1452 246 1543 delserta.
293 1460 434 1518 animalia
457 1478 526 1519 vero
555 1460 580 1517 si
606 1460 718 1518 fuerint
741 1461 804 1518 sine
827 1459 939 1518 umoris
965 1462 1120 1535 potestate,
1129 1467 1165 1519 (1⁵)

112 1550 325 1626 exsanguinata
357 1553 387 1608 et
419 1550 557 1607 exsucata
590 1566 608 1605 a
639 1548 852 1624 principiorum
882 1548 999 1624 liquore
1031 1549 1154 1606 inter-15

112 1641 252 1696 arescent.
306 1638 399 1714 igitur
431 1637 531 1695 divina
567 1655 649 1695 mens
686 1657 763 1712 quae
799 1638 918 1713 proprie
954 1639 1120 1696 necessaria

112 1729 209 1785 essent
236 1726 374 1803 gentibus
401 1745 461 1783 non
483 1725 640 1783 constituit
663 1725 796 1784 difficilia
819 1728 849 1784 et
872 1744 953 1801 cara,
982 1728 1028 1783 uti
1052 1727 1120 1785 sunt

110 1815 291 1892 margaritae
314 1835 419 1873 aurum
441 1816 597 1891 argentum
619 1818 773 1889 ceteraque
796 1833 872 1890 quae
895 1833 992 1889 neque
1016 1832 1119 1890 corpus

111 1922 164 1962 nec
186 1906 293 1961 natura
314 1903 470 1978 desiderat,
490 1898 494 1982 1
515 1903 567 1961 sed
584 1903 647 1962 sine
666 1903 772 1978 quibus
790 1903 962 1962 mortalium
980 1903 1045 1962 vita
1063 1910 1161 1962 nonno

111 1995 212 2066 potest
240 2011 302 2051 esse
329 1995 410 2067 tuta,
437 2011 472 2050 ea
494 1991 574 2050 fudit
597 1991 635 2049 ad
657 2012 778 2050 manum
799 1994 906 2066 parata
927 2010 982 2067 per
1006 2009 1153 2051 omuamn

111 2081 261 2138 mundum.
306 2081 408 2156 itaque
436 2100 471 2138 ex
497 2081 557 2153 his,
584 2079 610 2138 si
638 2081 711 2156 quid
738 2081 815 2138 forte
843 2079 913 2138 defit
940 2081 972 2137 in
1001 2098 1119 2157 corpore

111 2169 242 2245 spiritus,
260 2170 298 2227 ad
316 2169 531 2229 restituendum
550 2188 600 2226 aer
613 2169 786 2246 adsignatus
805 2168 836 2226 id
854 2171 997 2244 praestat.
1031 2189 1118 2245 appa·

111 2261 193 2317 ratus
219 2262 319 2317 autem
341 2260 379 2317 ad
401 2258 511 2317 auxilia
535 2258 641 2317 caloris
665 2259 735 2317 solis
762 2259 891 2332 impetus
915 2260 946 2316 et
973 2257 1053 2335 ignis
1080 2257 1121 2315 in·
1148 2270 1152 2278 ·

111 2351 216 2406 ventus
240 2348 382 2406 tutiorem
403 2347 495 2406 efficit
517 2347 618 2405 vitam.
655 2348 728 2404 item
745 2337 890 2427 terlrenus
908 2347 1024 2405 fructus
1044 2345 1164 2405 esa-ua

111 2456 178 2493 rum
207 2439 361 2512 praestans
395 2436 487 2511 copiis
520 2436 708 2510 supervacuis
741 2434 973 2494 desiderationes
1008 2436 1065 2494 alit
1095 2436 1154 2492 atu

111 2526 207 2582 nutrit
236 2525 378 2583 animales
407 2523 553 2600 pascendo
586 2523 778 2582 continenter.
834 2517 1028 2600 squalifero
1063 2523 1172 2583 nerlii

111 2613 207 2672 solum
224 2616 312 2688 potus
331 2614 383 2672 sed
400 2613 532 2672 infinitas
551 2631 606 2671 usu
619 2611 786 2687 praebendo
802 2613 1005 2687 necessitates,
1023 2615 1122 2690 gratas

75 2701 189 2776 aquod
217 2705 262 2760 est
289 2702 423 2778 gratuita
449 2704 584 2777 praestat
614 2701 769 2760 utilitates.
821 2720 856 2758 ex
885 2721 919 2760 eo
953 2703 1048 2759 etiam
1076 2700 1123 2776 qui

111 2791 275 2849 sacerdotia
298 2793 405 2868 gerunt
427 2790 558 2850 moribus
581 2789 813 2866 Aegyptiorum,
836 2788 1000 2848 ostendunt
1023 2806 1121 2848 omnes

110 2897 156 2937 res
185 2898 199 2937 e
228 2880 352 2954 liquoris
381 2881 530 2955 potestate
561 2880 728 2937 consistere.
778 2880 882 2953 itaque
915 2897 982 2936 cum
1014 2878 1151 2953 hydrias

186 3161 201 3207 3
221 3152 383 3208 coherentia
400 3171 428 3209 a.
440 3155 481 3221 111
502 3153 602 3224 spiritu
621 3156 684 3224 (effi
699 3153 732 3222 S)
751 3171 778 3207 a.
798 3156 808 3223 11
827 3159 860 3207 13
881 3152 1012 3207 deficient
1029 3151 1124 3206 EGS:

114 3224 296 3293 -1111Η1112
315 3241 367 3279 nec
385 3242 411 3277 n.
428 3224 496 3279 HS:
514 3241 605 3293 neque
623 3242 651 3278 n.
667 3224 735 3279 EG.
753 3227 764 3294 11
782 3229 817 3277 20
835 3223 993 3278 tutaefudit
1006 3223 1041 3277 Η
1056 3223 1126 3346 lm

113 3295 214 3349 effirdit
227 3296 270 3364 S),
289 3297 353 3349 tuta
366 3294 442 3348 fudit
457 3296 525 3351 Ea,
539 3298 549 3365 l
563 3301 596 3348 21
612 3295 680 3349 defit
694 3297 728 3350 H
730 3296 752 3351 S
757 3296 795 3351 G:
815 3294 890 3349 desit
903 3295 939 3350 E.
954 3297 1011 3364 123
1029 3310 1062 3348 co
1074 3309 1125 3348 orn

112 3367 151 3420 H.
174 3369 185 3435 11
208 3371 242 3420 at
261 3365 518 3421 desiderationibus
537 3367 588 3434 (H,
607 3366 677 3434 -nib3
692 3367 793 3437 EGS)
811 3384 840 3421 a.
862 3368 872 3436 11
897 3371 931 3418 27
950 3383 1003 3420 usu
1020 3363 1125 3420 HEG:

112 3436 177 3560 usdirri
196 3437 223 3492 S.
252 3439 262 3506 1
285 3442 324 3564 ἕο
347 3435 441 3490 hidria
465 3444 520 3505 qua
541 3438 576 3505 G,
599 3437 672 3491 idria
695 3454 781 3505 quam
799 3439 842 3505 E,
865 3436 966 3506 hydrio
988 3452 1073 3505 quem
1090 3433 1126 3500 Η,

111 3524 130 3575 y
165 3525 193 3560 1a
212 3526 266 3582 qup
307 3552 311 3562 .
