2416 3922
118 164 138 230 8
542 163 705 218 VITRUVII

118 317 151 374 in
168 316 261 375 tantis
278 335 378 374 rerum
391 314 587 374 varietatibus
606 313 768 392 elegantias
787 313 951 391 singulares
972 312 1130 389 quisquam

118 404 256 480 consequi
280 406 389 479 potest,
413 404 492 480 quod
515 422 618 462 earum
639 402 882 462 ratiocinationes
901 419 1077 478 cognoscere
1100 405 1131 460 et

65 509 100 557 14
117 494 269 570 percipere
287 493 337 552 vix
360 492 441 552 cadit
463 493 494 550 in
517 494 704 567 potestatem.
740 510 795 550 nec
813 492 914 550 tamen
931 509 992 550 non
1008 492 1130 549 tantum

119 582 274 641 architecti
296 600 356 640 non
373 584 498 657 possunt
516 581 548 639 in
566 580 702 640 omnibus
720 580 808 639 rebus
828 572 833 660 Ι
852 579 961 638 habere
980 597 1130 639 summum
1138 592 1171 639 (11

119 671 269 746 effectum,
296 670 348 729 sed
370 669 462 729 etiam
484 669 542 745 ipsi
567 670 619 745 qui
641 668 784 745 privatim
806 667 1003 745 proprietates
1026 671 1156 729 tenente

119 759 231 819 artium
256 777 317 818 non
344 758 476 818 efficiunt
502 761 537 816 ut
562 758 693 817 habeant
720 776 821 817 omnes
849 748 1005 838 sumimum
1032 757 1163 820 laudiso

118 848 329 924 principatum.
367 867 437 926 ergo
456 847 482 906 si
504 847 536 904 in
558 847 682 924 singulis
705 847 846 906 doctrinis
868 845 980 922 singuli
1001 845 1131 917 artifices

119 956 216 1013 neque
234 955 335 995 omnes
354 937 406 995 sed
423 935 513 1012 pauci
531 954 604 994 aevo
622 939 766 1011 perpetuo
784 935 972 994 nobilitatem
990 935 1041 993 vix
1061 938 1132 994 sunt

120 1025 283 1101 consecuti,
307 1025 557 1101 quemadmodum
579 1026 679 1100 potest
701 1025 892 1098 architectus,
921 1024 974 1099 qui
996 1023 1131 1099 pluribus

115 1114 234 1174 artibus
248 1114 336 1174 debet
350 1133 412 1174 esse
425 1113 549 1189 peritus,
563 1132 623 1172 non
636 1113 667 1171 id
680 1113 779 1188 ipsum
791 1113 900 1171 mirum
919 1106 923 1190 Ι
945 1114 975 1171 et
988 1131 1131 1190 magnum
1136 1126 1171 1178 rol

118 1204 217 1262 facere
239 1223 277 1262 ne
300 1202 372 1279 quid
391 1223 425 1261 ex
443 1203 470 1262 is
487 1202 630 1278 indigeat,
652 1202 813 1261 sedetiam
830 1203 866 1260 ut
884 1219 983 1281 omnes
1003 1201 1132 1260 artifices

120 1297 240 1368 superet
263 1292 316 1368 qui
343 1291 468 1369 singulis
492 1291 632 1350 doctrinis
660 1290 873 1350 adsiduitatem
895 1309 962 1349 cum
983 1289 1132 1349 industria

68 1394 101 1444 15
121 1398 236 1442 summa
261 1381 483 1456 praestiterunt.
533 1379 627 1456 igitur
653 1379 685 1436 in
713 1379 770 1438 hac
797 1399 829 1438 re
856 1379 986 1454 Pytheos
1018 1397 1132 1439 errasse

120 1470 239 1530 videtur
262 1469 342 1544 quod
369 1486 428 1526 non
457 1466 669 1527 animadvertit
691 1487 727 1526 ex
749 1468 863 1527 duabus
885 1467 974 1526 rebus
997 1467 1131 1546 singulas

120 1561 201 1617 artes
224 1575 286 1616 esse
310 1556 498 1633 compositas,
521 1575 556 1614 ex
575 1575 662 1632 opere
682 1559 712 1614 et
729 1556 793 1616 eius
812 1556 1048 1616 ratiocinatione.
1070 1549 1074 1637 Ι
1096 1569 1171 1619 exre(

120 1647 167 1705 his
195 1647 297 1705 autem
323 1666 417 1704 unum
442 1644 597 1720 proprium
624 1648 670 1704 est
696 1663 799 1704 eorum
822 1645 874 1721 qui
896 1645 1023 1722 singulis
1045 1645 1133 1705 rebus

121 1736 191 1794 sunt
218 1733 385 1808 exercitati,
412 1734 444 1791 id
471 1737 516 1793 est
539 1734 635 1810 operis
663 1734 797 1810 effectus,
825 1735 952 1793 alterum
979 1754 1134 1794 commune

121 1842 188 1882 cum
215 1822 351 1882 omnibus
378 1823 485 1898 doctis,
516 1823 549 1880 id
576 1826 621 1882 est
646 1823 849 1898 ratiocinatio,
881 1824 926 1882 uti
953 1823 1075 1883 medicis
1104 1827 1135 1882 et

121 1912 241 1971 musicis
264 1913 310 1970 est
333 1913 368 1970 de
387 1931 529 1970 venarum
551 1912 670 1988 rythmo
694 1915 724 1971 et
747 1912 786 1970 ad
808 1912 914 1988 pedem
935 1915 1030 1986 motu,
1052 1915 1086 1971 at
1109 1913 1134 1972 si

120 2000 228 2060 vulnus
251 2000 363 2060 mederi
385 2003 438 2059 aut
461 2019 584 2078 aegrum
607 2001 719 2076 eripere
742 2001 778 2059 de
800 2001 933 2077 periculo
957 2003 1170 2077 oportueritne

121 2109 183 2149 non-
209 2090 328 2148 accedet
354 2081 505 2171 mutemus,
533 2090 584 2148 sed
610 2089 642 2147 id
665 2108 739 2165 opus
762 2090 916 2165 proprium
939 2091 996 2149 erit
1017 2090 1133 2149 medici.
1143 2101 1171 2152 (1⁵

120 2178 195 2237 item
216 2179 248 2236 in
272 2197 383 2256 organo
405 2198 466 2238 non
487 2178 618 2237 medicus
641 2179 693 2237 sed
714 2178 843 2238 musicus
866 2178 1078 2253 modulabitur,
1100 2182 1135 2237 ut

69 2280 104 2330 16
123 2284 209 2326 aures
236 2285 321 2326 suam
348 2266 533 2327 cantionibus
556 2267 703 2342 recipiant
723 2266 949 2326 iucunditatem.
995 2268 1134 2326 similiter

123 2375 190 2415 cum
222 2357 379 2433 astrologis
412 2360 442 2416 et
473 2355 591 2414 musicis
624 2358 670 2414 est
702 2355 864 2432 disputatio
898 2356 1060 2416 communis
1098 2358 1133 2416 de

123 2445 292 2520 sympathia
326 2446 480 2504 stellarum
514 2447 545 2503 et
577 2444 821 2520 symphoniarum
853 2445 885 2501 in
916 2445 1071 2520 quadratis
1105 2448 1134 2503 et
1147 2462 1171 2504 as

122 2532 248 2610 trigonis
271 2533 456 2592 diatessaron
475 2537 506 2592 et
522 2533 671 2608 diapente,
691 2526 695 2615 Ι
716 2535 747 2592 et
764 2532 922 2610 geometris
941 2534 977 2593 de
995 2534 1063 2593 visu
1082 2535 1134 2610 qui
1144 2543 1171 2592 (11

123 2639 227 2698 graece
247 2620 344 2692 λογο(
363 2638 491 2680 οπτικο(
511 2622 689 2698 appellatur,
709 2617 713 2700 Ι
734 2623 897 2697 ceterisque
913 2622 1048 2681 omnibus
1067 2622 1134 2682 doc·
1149 2631 1171 2685 ll

195 2795 209 2843 1
234 2788 384 2860 eligantias
402 2807 423 2844 a
445 2792 495 2860 (sic
517 2791 598 2845 etiam
616 2794 696 2859 87,2
713 2799 739 2846 et
756 2792 791 2847 H
806 2795 850 2858 36,
864 2796 907 2846 17.
931 2795 994 2858 145,
1003 2794 1049 2845 21.
1071 2792 1136 2846 item

125 2861 151 2915 G
169 2864 267 2927 86,12
284 2892 319 2900 -
337 2863 384 2916 sed
410 2860 582 2930 elegantiam
604 2867 650 2929 10,
665 2865 682 2916 3
700 2864 737 2932 a).
765 2865 775 2933 Ι
802 2868 818 2916 6
845 2861 944 2916 laudes
969 2863 1006 2932 (a.
1025 2864 1059 2931 c.)
1072 2863 1111 2917 H.
1126 2863 1136 2934 Ι

124 2955 157 3003 11
176 2949 200 3003 is
216 2949 247 3005 o:
265 2948 310 3003 nis
330 2949 393 3004 aa
411 2956 437 3005 a
453 2949 513 3018 (aas
531 2934 602 3020 extr)
620 2950 658 3006 o.
672 2953 682 3021 Ι
697 2957 729 3004 12
749 2950 799 3020 qui
817 2949 885 3006 Hs:
905 2935 983 3018 qtu
1001 2950 1080 3020 soa
1098 2957 1136 3005 eu

124 3020 192 3090 quin
210 3021 238 3090 S,
261 3020 310 3090 qui
332 3021 362 3074 in
380 3021 429 3089 bl),
448 3018 472 3072 ds
490 3019 538 3089 qui
554 3021 588 3077 θ.
603 3023 612 3091 Ι
628 3028 661 3076 16
681 3025 733 3078 ests
760 3038 820 3077 esse
839 3025 884 3090 (ὦ
904 3022 968 3091 GS)
985 3037 1014 3076 a.
1030 3020 1035 3093 Ι
1051 3021 1135 3075 rebus

124 3110 174 3148 om.
194 3092 216 3148 S
238 3093 338 3162 (suppl.
358 3090 413 3161 δ’).
440 3094 450 3159 Ι
478 3097 511 3145 18
534 3091 645 3146 ratione
668 3095 725 3161 (ne
748 3093 782 3162 S)
805 3111 831 3147 x.
858 3096 868 3164 Ι
896 3098 929 3146 19
954 3094 1009 3147 est:
1034 3091 1107 3147 &aa
1129 3093 1132 3163 Ι

123 3163 240 3235 pythmo
262 3182 282 3217 a
306 3164 363 3233 (sed
384 3179 471 3232 sopra
488 3162 520 3217 8⁶
542 3166 555 3216 1
577 3162 698 3234 rithmo).
725 3165 729 3236 Ι
753 3164 855 3234 pedem
876 3165 969 3218 motus
988 3163 1033 3230 H,
1060 3163 1135 3234 pedu

123 3237 216 3289 motus
238 3235 290 3290 GS
305 3236 337 3304 (s.
356 3233 535 3288 metricorum
552 3251 640 3304 eorpro
653 3236 717 3290 add.
736 3235 784 3304 bl).
802 3238 806 3305 Ι
823 3237 865 3290 ata
883 3237 916 3289 ut
933 3251 961 3290 a.
982 3236 992 3304 Ι
1013 3239 1047 3288 23
1067 3250 1134 3288 suae

124 3306 184 3378 (sue
208 3305 272 3375 GS)
294 3322 321 3360 a.
352 3305 356 3376 Ι
385 3304 590 3360 iocunditatem
617 3308 676 3375 (sic)
704 3308 782 3361 semel
809 3306 844 3361 H
872 3308 984 3376 (semper
1002 3306 1106 3375 ΒΕΘ).
1125 3305 1135 3377 Ι1

124 3381 159 3430 25
178 3375 318 3430 stillarum
336 3382 400 3431 aute
417 3393 486 3432 corr.
500 3377 533 3430 H
549 3379 590 3447 (ot
607 3380 715 3445 230,11
735 3377 778 3444 Η,
797 3379 845 3446 qui
863 3376 982 3432 staellae
999 3379 1064 3443 232,
1073 3378 1111 3446 8).
1126 3382 1134 3439 Ι

124 3453 158 3501 26
176 3446 296 3517 trigonis
316 3448 379 3503 GS:
402 3445 521 3500 tridonis
540 3449 577 3501 H.
599 3449 604 3516 1
624 3449 654 3501 et
671 3465 698 3517 g.
719 3447 753 3501 de
771 3446 846 3502 visu:
870 3465 888 3501 a
906 3467 932 3518 g.
953 3446 1060 3501 divisus
1079 3466 1106 3502 a.
1125 3446 1135 3518 Ι

124 3523 158 3571 27
177 3518 257 3588 logos
276 3517 383 3587 opticos
400 3536 427 3573 x.
448 3523 452 3589 Ι
473 3517 616 3587 appellat³
630 3519 665 3573 Η
676 3544 709 3564 =
725 3517 852 3587 apellat2
873 3520 902 3587 S,
924 3517 1085 3588 appellatur
1100 3518 1134 3574 G.
