2416 3922
339 176 388 232 DE
406 177 685 235 ARCHITECTURA
703 178 769 235 LIB.
788 179 822 249 X,
841 186 856 233 2
1037 179 1102 245 245

93 329 155 389 duo
183 329 282 405 capita
312 328 373 387 sint
403 329 482 388 funis
511 349 577 388 cum
604 332 661 389 erit
689 333 838 405 extensus,
870 329 970 406 ibique
1002 349 1101 390 secun-

92 418 167 477 dum
188 418 359 478 inferiorem
380 419 523 477 trocleam
545 419 687 478 resticula
710 419 890 479 circumdata
913 422 944 479 et
966 422 1103 479 contexta

91 510 242 583 ausaque
267 509 368 583 partes
390 507 470 566 funis
493 508 694 583 continentur,
720 512 755 567 ut
777 527 872 583 neque
894 503 947 585 <in
969 507 1104 567 dextram

51 607 82 658 (⁵)
91 591 213 674 neque>
225 596 258 654 in
271 595 423 654 sinistram
435 599 552 672 partem
572 592 576 676 Ι
597 598 712 672 possint
724 597 850 672 prodire.
882 596 987 656 deinde
1003 598 1104 672 capita

52 703 65 744 a
91 684 175 747 funis
202 685 370 744 referuntur
395 685 427 742 in
454 703 569 744 summa
595 687 707 744 troclea
735 684 772 743 ab
800 685 943 744 exteriore
965 688 1050 761 parte
1074 689 1104 745 et

93 773 265 835 deiciuntur
292 775 369 832 circa
397 773 543 833 orbiculos
569 774 645 833 imos
670 777 701 833 et
722 774 847 833 redeunt
870 774 907 833 ad
928 774 1022 832 imum
1045 775 1103 833 coi·

93 862 272 938 unntruque
294 863 413 921 infimae
434 864 563 922 trocleae
586 864 624 922 ad
643 863 788 922 orbiculos
808 883 843 921 ex
860 862 1000 921 interiore
1018 867 1103 938 parte

93 954 125 1011 et
152 950 322 1010 referuntur
347 951 450 1010 dextra
478 971 512 1011 ac
540 953 660 1011 sinistra
688 955 718 1011 et
745 951 783 1010 ad
810 955 902 1026 caput
927 951 1003 1010 circa
1027 952 1104 1010 orbi-

49 1040 178 1099 1⁰lculos
202 1058 331 1099 summos
348 1040 480 1099 redeunt.
516 1040 636 1100 traiecti
654 1044 753 1099 autem
773 1032 777 1120 l
798 1039 835 1098 ab
855 1039 999 1098 exteriore
1017 1043 1103 1115 parta
1123 1055 1138 1102 7

53 1131 234 1188 referuntur
262 1129 366 1188 dextra
396 1148 429 1188 ac
459 1130 580 1188 sinistra
608 1133 786 1206 tympanum
812 1129 844 1186 in
871 1146 924 1187 axe
946 1127 1047 1204 ibique
1069 1132 1105 1187 ut

91 1219 238 1277 haereant
267 1217 464 1295 conliguntur.
509 1221 574 1276 tum
600 1221 701 1277 autem
723 1219 800 1276 circa
821 1220 999 1293 tympanum
1020 1217 1104 1278 invo-

92 1307 178 1365 lutus
206 1307 283 1365 alter
308 1307 387 1365 funis
414 1307 542 1365 refertur
569 1307 607 1365 ad
630 1309 777 1384 ergatam,
807 1309 837 1364 et
859 1306 884 1364 is
908 1305 1103 1366 circumactus

92 1399 272 1472 tympanum
299 1398 329 1454 et
356 1413 441 1454 axem
605 1415 635 1455 se
661 1394 838 1454 involvendo
866 1395 979 1469 pariter
1005 1398 1104 1454 exten-

94 1484 180 1558 dunt,
211 1487 240 1542 et
268 1484 312 1542 ita
341 1483 449 1542 leniter
476 1484 579 1542 levant
606 1503 694 1543 onera
722 1484 784 1543 sine
811 1483 951 1558 periculo.
998 1483 1103 1559 quodsi

54 1564 213 1655 rslmaius
240 1575 419 1648 tympanum
446 1573 631 1632 conlocatum
658 1576 711 1631 aut
738 1573 770 1630 in
791 1572 889 1630 medio
913 1573 1019 1631 autin
1041 1590 1103 1631 una

93 1663 182 1738 porte
210 1664 341 1720 extrema
370 1661 461 1719 fucrit
487 1662 550 1720 sine
578 1665 692 1739 ergata,
721 1662 867 1720 calcantes
894 1661 1027 1721 homines
1056 1681 1102 1720 ex·

92 1748 256 1827 peditiores
278 1748 386 1808 habere
409 1753 549 1825 poterunt
572 1751 669 1826 operis
693 1751 821 1810 effectus.

161 1839 218 1897 Est
244 1841 344 1897 autem
366 1838 448 1897 aliud
470 1858 561 1916 genus
584 1839 737 1898 machinae
761 1840 833 1898 satis
857 1838 1051 1897 artificiosum
1074 1841 1138 1899 et8

94 1927 133 1986 ad
155 1945 243 1986 usum
265 1927 425 1987 celeritatis
444 1928 621 2004 expeditum,
644 1928 744 1986 sedin
764 1946 797 1986 eo
816 1927 886 1986 dare
906 1945 1026 2002 operam
1044 1946 1104 1986 non

53 2033 80 2072 ao
96 2007 101 2098 l
115 2019 243 2092 possunt
269 2015 328 2074 nisi
353 2016 450 2091 periti.
497 2019 541 2075 est
569 2017 647 2075 enim
673 2017 790 2094 tignum
817 2015 896 2092 quod
924 2016 1049 2091 erigitur
1074 2018 1104 2074 et

93 2105 254 2163 distinetur
284 2104 455 2164 retinaculis
487 2105 709 2180 quadrifariam.
756 2104 809 2164 sub
837 2103 1008 2162 retinaculis
1037 2104 1102 2163 che·

91 2193 177 2253 Ionia
200 2193 257 2252 duo
279 2193 424 2270 figuntur,
448 2193 561 2252 troclea
582 2193 703 2251 funibus
727 2211 816 2268 supra
839 2192 974 2250 chelonia
996 2191 1102 2268 religa·
1191 2191 1194 2195 ’

91 2285 158 2357 tur,
190 2281 243 2341 sub
275 2282 386 2342 troclea
416 2283 520 2360 regula
546 2282 636 2359 longa
664 2282 780 2340 circiter
806 2279 895 2356 pedes
922 2280 1009 2354 duos,
1039 2280 1104 2338 lata

93 2371 206 2448 digitos
234 2389 296 2445 sex,
324 2389 423 2430 crassa
451 2373 594 2446 quattuor
620 2371 804 2446 supponitur.
849 2368 978 2427 trocleae
1002 2370 1102 2429 ternos

52 2473 79 2515 aa
92 2459 213 2518 ordines
241 2458 438 2518 orbiculorum
464 2459 496 2517 in
521 2454 524 2538 l
549 2459 709 2518 latitudine
736 2458 878 2517 habentes
903 2457 1101 2516 conlocantur.

92 2548 139 2607 ita
170 2550 231 2606 tres
260 2548 389 2608 ductarii
414 2549 498 2608 fimes
525 2548 557 2606 in
583 2543 739 2625 <summa>
767 2547 904 2606 machina
930 2545 1102 2622 religantur.

47 2638 82 2696 lo
93 2636 202 2696 deinde
223 2637 391 2696 referuntur
412 2637 558 2694 adimam
576 2637 718 2695 trocleam
736 2640 766 2694 et
786 2631 790 2715 Ι
810 2635 988 2694 traiciuntur
1006 2653 1041 2693 ex
1058 2635 1102 2694 in·

92 2725 204 2785 teriora
221 2728 307 2801 parte
325 2745 379 2800 per
397 2726 459 2784 eius
478 2724 624 2784 orbiculos
642 2744 780 2784 summos.
812 2724 918 2783 deinde
935 2724 1103 2783 referuntur

167 2971 183 3018 2
202 2967 334 3019 contenta
351 2982 378 3020 a.
393 2967 432 3034 113
451 2964 481 3018 in
500 2963 628 3018 dextram
645 2980 734 3032 neque
753 2981 802 3018 om.
817 2981 845 3018 c.
864 2966 873 3033 d
892 2969 907 3016 6
926 2962 1103 3018 coniciuntur

92 3037 159 3106 (laic)
173 3035 231 3091 HS
242 3035 324 3105 (coic·
339 3037 383 3102 G).
398 3038 407 3106 ΙΙ
422 3042 437 3089 7
451 3035 487 3088 ad
503 3034 640 3089 orbiculos
660 3035 795 3090 exteriore
812 3037 893 3104 parte
908 3035 935 3090 S.
949 3036 959 3103 ΙΙ
973 3039 988 3087 8
1004 3033 1102 3088 dextra

92 3105 210 3161 sinistra
228 3106 265 3160 ad
283 3109 369 3177 caput
385 3124 412 3161 c.
432 3109 441 3176 d
460 3112 475 3159 9
495 3105 625 3160 exteriori
644 3107 678 3162 G.
696 3109 706 3176 ΙΙ
725 3110 757 3159 10
776 3122 810 3159 ac
828 3123 878 3161 om.
896 3123 925 3161 a.
943 3107 952 3175 ΙΙ
971 3111 1002 3157 11
1023 3103 1101 3158 inuo-

89 3177 182 3233 luitur
195 3177 222 3233 S.
236 3180 246 3247 ΙΙ
260 3183 293 3230 12
311 3177 336 3231 is
351 3177 421 3233 GS⁰=
440 3176 484 3230 his
499 3177 561 3232 HS.
579 3177 582 3248 Ι
599 3176 674 3231 circu
693 3179 791 3230 auctus
808 3194 836 3232 c.
855 3179 864 3247 ΙΙ
883 3181 916 3229 13
934 3179 954 3230 t.
975 3178 1003 3229 et
1021 3192 1102 3229 axem

92 3264 124 3303 ae
149 3246 318 3303 involvendo
342 3247 447 3318 pariter
472 3248 626 3302 extendunt
650 3250 709 3318 (sic)
727 3265 747 3303 c
771 3249 839 3316 (siae
862 3248 930 3316 loc).
968 3248 1002 3314 cf.
1022 3245 1101 3315 (Joc.)

91 3319 169 3375 Mar.
184 3320 194 3388 ΙΙ
208 3325 241 3373 16
260 3318 434 3389 expeditorea
453 3337 480 3374 c.
494 3321 504 3388 ll
518 3325 552 3372 17
570 3318 675 3388 poterit
687 3337 715 3374 a.
730 3321 739 3388 ΙΙ
754 3325 785 3372 21
805 3317 975 3372 distenditur
987 3335 1008 3372 a
1032 3334 1100 3372 corr.

90 3391 171 3460 Joc.).
189 3393 193 3459 Ι
210 3390 262 3444 sub
280 3390 435 3444 retinaculo
452 3388 561 3445 calonia
574 3407 601 3445 oc.
615 3392 625 3461 d
639 3396 672 3443 22
686 3389 792 3444 troclea
805 3389 879 3443 funis
895 3405 978 3458 supra
993 3405 1023 3442 ce
1036 3386 1101 3443 onia

90 3480 119 3517 a.
134 3463 144 3531 ΙΙ
158 3466 193 3514 23
207 3460 314 3516 troclea
328 3461 444 3532 aregula
457 3479 485 3517 c.
499 3463 508 3531 ll
523 3467 629 3514 24.n11.
645 3462 679 3517 G.
694 3464 703 3531 d
717 3467 751 3514 26
766 3480 812 3515 .n1.
829 3462 861 3516 G.
879 3463 883 3528 1
900 3475 1007 3513 summa
1021 3460 1105 3529 (doc.)

90 3533 226 3605 Byccater
244 3534 288 3601 (cf.
304 3533 407 3587 Heron.
421 3534 501 3588 mech.
516 3533 614 3588 Jocra.
629 3533 677 3587 Aa.
693 3536 766 3586 1893
784 3533 827 3601 11,
840 3532 918 3599 485);
937 3548 987 3586 om.
1006 3548 1033 3586 c.
