2416 3922
358 128 407 182 Da
426 127 705 185 ARCHITECTURA
725 129 790 184 LIB.
810 128 848 183 VI
1045 130 1106 194 131

47 291 88 340 (1⁰)
98 277 285 338 dissimiliter
303 279 347 338 ait
364 298 460 354 pauca
477 279 660 355 sapientibus
681 278 686 352 1
705 281 857 339 fortunam
875 280 1014 355 tribuere,
1035 299 1111 355 quae

97 370 201 426 autem
223 367 354 426 maxima
377 371 408 426 et
430 368 596 427 necessaria
619 371 702 442 sunt,
728 369 820 427 animi
843 369 1010 444 mentisque
1033 369 1111 446 cogi·

97 456 266 516 tationibus
298 455 465 533 gubernari
515 457 588 515 haec
619 457 663 515 ita
695 457 786 515 etiam
814 457 915 533 plures
943 457 1112 533 philosophi

97 545 246 604 dixenmt
282 565 343 604 non
360 545 459 604 minus
477 548 584 621 poetae
599 546 650 621 qui
669 545 809 621 antiquas
826 545 992 604 comoedias
1007 565 1110 623 graece

69 633 293 709 sscripmnmt,
325 633 445 692 easdem
476 634 638 693 sententias
670 634 803 693 versibus
835 634 868 692 in
900 653 1007 694 scaena
1042 654 1110 711 pro·

47 732 85 785 11⁵)
95 721 321 796 nuntiaverunt,
339 725 374 780 ut
387 723 531 781 Euorates
547 721 704 782 Chionides
715 722 939 798 Aristophanes,
960 718 964 802 Ι
984 723 1111 782 maxime

95 812 191 870 etiam
213 817 281 870 cum
302 810 349 870 his
371 810 489 885 Alexis,
518 812 568 887 qui
591 811 786 870 Athenienses
817 812 861 870 ait
886 815 1021 887 oportere
1043 811 1111 872 ideo

94 898 216 958 laudari
243 900 324 976 quod
352 899 485 958 omnium
512 899 692 959 Graecorum
724 901 805 976 leges
833 903 944 977 cogunt
971 903 1111 977 parentes

95 982 182 1067 (ali)
214 1006 232 1046 a
264 988 379 1063 liberis,
410 988 639 1048 Atheniensium
669 1006 730 1046 non
763 1007 863 1047 omnes
894 988 953 1048 nisi
982 1008 1031 1050 eos
1060 989 1112 1065 qui

56 1096 81 1135 ιο
94 1077 207 1136 liberos
234 1077 347 1136 artibus
375 1076 547 1136 erudissent.
594 1077 694 1137 omnia
722 1076 801 1134 enim
823 1095 946 1135 munera
974 1079 1111 1136 fortunae

95 1185 165 1225 cum
198 1165 307 1224 dantur
334 1165 371 1224 ab
399 1185 435 1225 ea
465 1165 596 1224 feciliter
623 1165 807 1240 adimuntur,
840 1164 1013 1240 disciplinae
1041 1185 1111 1225 vero

47 1262 86 1314 12⁰)
96 1254 275 1314 coniunctae
298 1273 367 1313 cum
386 1248 391 1332 Ι
411 1253 517 1314 animis
540 1255 623 1314 nullo
646 1257 778 1329 tempore
797 1252 948 1327 deficiunt,
972 1253 1023 1312 sed
1045 1274 1111 1330 per-

95 1346 221 1402 manent
249 1342 398 1402 stabiliter
424 1342 463 1400 ad
490 1361 639 1401 summum
661 1343 775 1401 exitum
796 1343 885 1402 ritae.
931 1342 1033 1418 itaque
1057 1362 1111 1420 ego
1131 1359 1148 1406 4

95 1431 244 1490 maximas
266 1431 457 1507 infinitasque
480 1431 652 1507 parentibus
676 1450 733 1508 ago
757 1434 849 1507 atque
871 1431 966 1491 habeo
990 1431 1112 1508 gratias,

55 1538 81 1579 15
96 1519 181 1596 quod
203 1519 430 1579 Atheniensium
451 1519 548 1597 legem
570 1520 730 1596 probantes
752 1539 799 1578 me
828 1523 891 1579 arte
918 1520 1112 1579 erudiendum

95 1611 287 1682 curaverunt,
309 1610 340 1667 et
362 1627 398 1667 ea
420 1597 497 1685 quae
520 1628 580 1667 non
601 1611 701 1685 potest
724 1627 787 1668 esse
805 1608 931 1685 probata
950 1609 1012 1668 sine
1030 1608 1112 1668 litte·

47 1707 86 1759 12⁵)
96 1699 204 1756 ratura
227 1697 417 1773 encyclioque
440 1697 641 1756 doctrinarum
661 1690 665 1774 l
687 1698 819 1757 omnium
841 1696 1006 1773 disciplina.
1046 1717 1113 1757 cum

96 1805 169 1863 ergo
194 1788 224 1844 et
246 1785 415 1862 parentium
438 1805 508 1844 cura
531 1789 562 1844 et
587 1789 816 1861 praeceptorum
843 1786 985 1846 doctrinis
1009 1790 1112 1845 auctas

96 1873 241 1933 haberem
268 1874 368 1950 copias
396 1874 634 1951 disciplinarum,
662 1875 822 1952 philologis
855 1878 885 1933 et
914 1875 1112 1951 philotechnis

56 1983 83 2023 eo
96 1962 188 2022 rebus
207 1962 543 2039 commentariorumque
563 1963 718 2039 scripturis
736 1983 783 2021 me
803 1963 952 2022 delectans
972 1982 1021 2022 eas
1045 1983 1111 2039 pos-

47 2060 86 2115 33
97 2052 244 2112 sessiones
259 2051 358 2110 animo
372 2051 486 2127 paravi,
500 2072 516 2109 e
530 2052 637 2127 quibus
650 2052 723 2111 haec
740 2045 743 2134 l
760 2055 806 2110 est
819 2053 972 2110 fructuum
987 2070 1110 2125 summa,

95 2141 198 2199 nullas
228 2141 296 2216 plus
328 2140 456 2198 habendi
485 2159 548 2199 esse
580 2140 769 2200 necessitates
798 2158 923 2215 eamque
952 2158 1014 2198 esse
1044 2158 1111 2215 pro-

95 2228 452 2305 prietatem‘divitiarum
474 2228 614 2304 maxime,
637 2228 712 2286 nihil
736 2228 910 2287 desiderare.
956 2227 1007 2285 sed
1031 2228 1108 2286 forte

94 2317 235 2376 nonnulli
260 2317 333 2376 haec
359 2318 438 2376 levia
466 2318 630 2376 iudicantes
657 2319 768 2393 putant
795 2335 844 2375 eos
868 2334 931 2374 esse
959 2315 1109 2391 sapientes

47 2406 151 2483 caqui
182 2406 309 2482 pecunia
340 2409 409 2464 sunt
437 2406 556 2482 copiosi.
606 2407 710 2480 itaque
737 2406 871 2481 plerique
901 2404 940 2461 ad
966 2404 997 2462 id
1017 2398 1021 2482 Ι
1041 2423 1108 2480 pro-

95 2495 230 2571 positum
253 2495 460 2554 contendentes
485 2495 609 2553 audacia
632 2494 766 2553 adhibita
789 2513 856 2552 cum
879 2493 992 2552 divitiis
1017 2493 1108 2558 etiam

96 2583 239 2642 notitiam
269 2587 340 2642 sunt
372 2583 529 2642 consecuti.
583 2602 637 2660 ego
670 2586 783 2657 autem,
816 2580 937 2656 Caesar,
973 2601 1034 2641 non
1071 2582 1147 2642 ads

96 2671 257 2748 pecuniam
287 2672 453 2748 parandam
484 2691 519 2730 ex
551 2675 615 2731 arte
647 2671 715 2730 dedi
747 2671 891 2746 studium,
930 2670 981 2729 sed
1013 2670 1113 2746 potius

96 2759 279 2819 tenuitatem
302 2779 369 2819 cum
390 2761 469 2819 bona
491 2761 572 2818 fama
596 2779 687 2836 qnam
711 2759 925 2818 abundantiam
948 2779 1016 2818 cum
1038 2760 1113 2817 infa-

55 2869 84 2909 sc
98 2848 163 2908 mia
196 2849 376 2924 sequendam
407 2849 540 2925 probavi.
595 2849 662 2908 ideo
694 2848 815 2907 notities
847 2867 955 2923 parum
986 2850 1031 2906 est
1063 2848 1112 2905 ad-

47 2949 87 3001 210)
98 2939 212 2998 secuta.
250 2937 301 2996 sed
318 2930 420 2996 tamen
438 2937 484 2996 his
503 2929 712 3018 rolluminibus
732 2937 828 3011 editis,
850 2939 887 2995 ut
905 2955 999 3012 spero,
1023 2935 1113 2994 etiam

172 3130 187 3177 1
203 3123 246 3179 ait
259 3124 292 3180 S:
312 3125 362 3178 aut
376 3124 410 3179 H
412 3124 479 3179 EG.
494 3127 533 3193 [13
548 3122 635 3178 etiam
648 3123 756 3193 plures:
775 3141 836 3178 esse
851 3123 945 3193 plures
960 3122 1046 3176 etiam
1060 3121 1087 3176 S.
1103 3122 1111 3192 ll

98 3202 115 3250 6
136 3196 279 3250 eucratas:
301 3198 341 3250 stc
360 3197 423 3266 (pro
442 3195 484 3247 Eu
495 3238 500 3249 .
513 3239 520 3250 .
531 3238 537 3248 .
548 3194 656 3264 Crates)
674 3213 701 3249 x.
715 3197 724 3264 ΙΙ
739 3200 754 3247 9
774 3195 814 3248 ali
832 3212 881 3250 om.
895 3212 923 3249 cc.
944 3194 954 3262 ΙΙ
977 3199 1008 3247 11
1028 3191 1111 3245 facile

99 3267 128 3323 S.
144 3268 153 3336 l
169 3272 202 3320 16
212 3265 391 3321 litteraturae
400 3269 438 3336 (q
449 3265 548 3336 Eds)
558 3283 585 3320 a.
599 3267 609 3336 ΙΙ
624 3271 656 3320 18
666 3264 824 3335 parentium
835 3266 866 3319 H
871 3266 910 3321 G:
921 3263 1094 3333 ·t1‘1ES(G⁶).
1105 3264 1114 3333 ll

100 3344 135 3393 19
155 3336 356 3408 philotechinis
375 3355 402 3392 a.
426 3340 435 3407 ΙΙ
458 3342 491 3390 22
509 3335 602 3390 nullas
618 3337 691 3392 EG:
710 3335 790 3390 nulle
804 3335 867 3391 HS.
892 3337 902 3405 ΙΙ
929 3341 963 3388 24
980 3336 1113 3404 putantes

100 3425 135 3463 eo
152 3412 157 3481 1
174 3425 235 3463 esse
250 3408 289 3476 H,
306 3410 439 3477 putantes
459 3425 506 3462 eos
525 3425 584 3462 esse
599 3409 669 3476 EG,
686 3409 790 3476 putant
803 3423 850 3461 eos
864 3408 975 3460 tantum
990 3421 1050 3460 esse
1067 3405 1094 3461 S.
1105 3406 1114 3477 l!

100 3485 136 3534 30
150 3478 280 3534 notities:
295 3481 335 3534 sic
350 3480 429 3550 (qen)
443 3497 463 3534 oo
477 3480 512 3546 ef.
527 3481 572 3536 ad.
583 3497 612 3548 p.
624 3483 740 3547 233,21.
757 3480 761 3549 Ι
778 3478 924 3532 adsecutor
940 3478 1009 3548 οἵῳ.
1019 3481 1112 3545 63,18.

941 3565 958 3594 Q

921 3571 941 3618 ‘t
