2416 3922
112 160 157 226 64
536 157 701 214 VITItUVII

112 331 169 388 que
193 301 446 391 comlmodulatio,
474 330 509 369 ex
531 319 590 386 qua
617 311 696 369 ratio
724 309 851 370 efficitur
877 310 1164 386 symmetriarumic

112 418 241 474 namque
263 419 323 459 non
344 401 445 474 potest
467 399 548 458 aedis
570 399 635 457 ulla
657 400 720 459 sine
748 400 921 474 symmetria
944 402 1038 474 atque
1060 417 1128 476 pro-

111 490 248 564 portione
270 489 418 546 rationem
439 487 547 546 habere
567 488 799 563 compositionis,
821 488 880 547 nisi
901 489 948 547 uti
971 487 1011 547 ad
1033 488 1128 547 homi·

112 578 157 636 nis
180 576 254 635 bene
276 576 398 654 figurati
419 570 590 655 <speciem>
609 576 809 636 membrorum
830 576 969 635 habuerit
991 579 1129 636 exactam

76 681 93 729 2
112 665 266 724 rationem.
313 683 418 740 corpus
442 666 521 724 enim
541 665 670 725 hominis
693 666 738 724 ita
760 668 868 724 natura
891 667 1060 741 composuit
1082 666 1151 727 utic

112 773 144 813 os
168 754 276 830 capitis
297 772 315 811 a
336 746 340 834 Ι
361 757 460 813 mento
483 754 523 813 ad
544 755 673 814 frontem
696 773 843 814 summam
865 758 896 813 et
916 754 1032 814 radices
1051 755 1172 817 imasoc

111 843 214 918 capilli
238 845 315 902 esset
333 843 464 901 decimae
480 845 585 919 partis,
607 844 681 902 item
698 862 804 902 manus
821 843 924 918 palma
942 843 980 901 ab
999 844 1127 904 articulo

111 932 151 989 ad
174 934 336 990 extremum
358 932 488 991 medium
511 933 640 1009 digitum
661 932 846 1006 tantundem,
871 934 962 1007 caput
985 950 1003 990 a
1026 935 1128 992 mento

112 1021 152 1078 ad
184 1039 331 1080 summum
358 1022 500 1080 verticem
531 1025 668 1096 octavae,
700 1041 768 1080 oum
799 1020 960 1080 cervicibus
993 1021 1063 1080 imis
1091 1021 1128 1081 ab

111 1127 227 1168 summo
245 1113 364 1186 pectore
384 1110 422 1167 ad
439 1111 515 1169 imas
529 1111 643 1170 radices
658 1109 834 1186 capillorum
848 1112 956 1183 sextae,
974 1103 1015 1188 <a
1029 1109 1127 1173 medio
1141 1129 1162 1170 ro

90 1263 92 1266 ,
112 1194 253 1276 pectore>
272 1199 309 1256 ad
332 1189 488 1280 sumturum
506 1200 647 1258 verticem
666 1202 798 1274 quartae.
835 1199 929 1274 ipsius
947 1201 1051 1257 autem
1069 1200 1127 1259 oris
1136 1208 1171 1260 (1⁵)

111 1287 280 1347 altitudinis
308 1289 398 1346 tertia
426 1291 471 1347 est
497 1307 567 1363 pars
595 1287 632 1345 ab
660 1288 720 1348 imo
743 1290 843 1346 mento
867 1286 905 1345 ad
933 1287 1009 1346 imas
1032 1306 1128 1363 nares,
1200 1356 1202 1361 ,

112 1395 201 1436 nasus
225 1376 262 1434 ab
285 1377 353 1436 imis
376 1376 497 1435 naribus
521 1376 560 1434 ad
581 1376 670 1435 finem
692 1375 790 1435 medio
814 1375 1041 1452 superciliorum
1062 1379 1127 1436 tan-

111 1465 243 1540 tundem,
266 1464 303 1523 ab
327 1484 362 1523 ea
384 1464 442 1524 fine
466 1465 602 1524 adimas
629 1466 743 1524 radices
767 1464 869 1541 capilli
891 1466 973 1524 frons
996 1464 1126 1524 efficitur

112 1555 185 1612 item
212 1554 318 1612 tertiae
346 1554 449 1628 partis.
494 1572 639 1629 posuero
668 1553 836 1613 altitudinis
863 1553 994 1628 corporis
1017 1557 1128 1630 sextae,
1139 1572 1167 1614 15-

113 1641 229 1701 cubitus
262 1645 399 1717 quartae,
431 1645 534 1718 pectus
554 1636 559 1720 Ι
579 1642 652 1701 item
680 1645 811 1718 quartae.
862 1643 978 1718 reliqua
1009 1661 1127 1720 quoque
1135 1652 1171 1704 (11)

112 1729 245 1788 membra
263 1749 332 1789 suas
349 1730 460 1789 habent
479 1749 662 1790 commensus
680 1732 895 1807 proportiones,
915 1731 1021 1806 quibus
1037 1732 1129 1791 etiam

113 1819 230 1895 antiqui
247 1819 375 1894 pictores
394 1822 425 1878 et
443 1821 581 1879 statuarii
598 1820 712 1880 nobiles
735 1820 782 1879 usi
803 1839 928 1897 magnas
946 1823 977 1878 et
994 1819 1128 1882 infinitas
1207 1838 1208 1842 ’

77 1908 217 1972 alaudes
255 1910 324 1967 sunt
355 1908 496 1968 adsecuti.
550 1909 688 1968 similiter
719 1926 789 1967 vero
822 1927 972 1968 sacrarum
1008 1909 1129 1969 aedium

114 1996 245 2056 membre
277 1996 314 2055 ad
346 1998 516 2057 universam
547 1999 640 2057 totius
671 1998 885 2078 magnitudinis
917 2016 1067 2057 summam
1094 2017 1163 2058 exso

112 2085 247 2161 partibus
275 2087 399 2164 singulis
427 2087 737 2146 convenientissimum
763 2077 881 2167 deibent
909 2085 1019 2145 habere
1048 2096 1171 2148 com-(2⁵1
1207 2146 1208 2164 ,

112 2193 230 2234 mensus
253 2193 435 2250 responsum.
480 2176 553 2233 item
576 2176 706 2251 corporis
730 2177 864 2234 centrum
886 2175 1017 2233 medium
1039 2178 1127 2237 natu-

112 2265 217 2322 raliter
239 2266 285 2323 est
306 2263 472 2323 umbilicus.
517 2283 645 2340 namque
668 2265 694 2323 si
717 2264 805 2322 horno
828 2255 1008 2345 conlocaitus
1036 2265 1172 2327 fuerittt

113 2353 236 2428 supinus
258 2353 395 2412 manibus
418 2356 449 2411 et
474 2353 600 2428 pedibus
627 2353 728 2428 pansis
752 2353 912 2428 circinique
939 2353 1129 2413 conlocatum

113 2444 249 2500 centrum
279 2442 312 2500 in
342 2441 486 2517 umbilico·
515 2442 591 2517 eius,
628 2441 853 2518 circumagendo
885 2440 1162 2502 rotundationema

113 2532 307 2605 utrarumque
325 2549 467 2588 manuum
486 2533 515 2590 et
533 2530 642 2606 pedum
660 2531 749 2608 digiti
766 2531 847 2589 linea
865 2533 1035 2607 tangentur.
1056 2530 1128 2590 'non

186 2739 199 2786 1
225 2751 259 2788 ex
281 2752 337 2802 qua
360 2733 433 2789 ratio
452 2736 486 2789 H
489 2734 585 2803 S(G⁰):
614 2751 648 2788 ex
674 2735 813 2802 quadrato
832 2734 899 2789 EG.
928 2736 937 2804 {i
964 2740 981 2787 4
1004 2735 1128 2805 speciem

114 2806 159 2873 (cf.
175 2809 273 2873 66,13.
294 2808 408 2875 68,19):
427 2823 477 2860 om.
496 2824 524 2860 cc.
547 2808 557 2875 ΙΙ
580 2812 595 2859 7
614 2805 711 2875 palma
728 2824 760 2860 c:
779 2822 869 2875 pansa
887 2807 945 2874 (sic)
965 2805 1036 2860 Ecce.
1058 2806 1126 2862 Vitr.

114 2913 147 2966 ae
161 2915 292 2967 ammata
310 2915 366 2968 ac.
382 2913 484 2968 sicem.
498 2915 574 2981 ccc.
602 2914 612 2983 ιι
639 2919 654 2966 e
674 2915 757 2968 octav
780 2912 896 2994 ‚acm
908 2915 940 2967 a
957 2928 1011 2967 aas.
1027 2882 1126 2981 viiii:

114 2985 194 3037 cetae
208 2983 243 3038 H
258 2985 294 3054 (et
310 2985 374 3052 fort.
394 2991 457 3039 acte
474 3001 529 3039 ros.
545 2984 586 3055 S).
600 2986 610 3054 ΙΙ
625 2990 658 3038 10
678 3001 696 3038 a
712 3000 757 3038 me
789 3001 805 3038 ο
823 2987 937 3053 pectore
955 3000 1006 3038 orn.
1020 3001 1041 3037 a
1055 2985 1129 3054 (item

114 3056 183 3109 Ecce.
199 3055 270 3124 Sci).
293 3058 303 3125 ΙΙ
327 3061 359 3108 13
378 3071 463 3110 nasus
482 3055 532 3124 (8⁶,
549 3058 612 3110 item
630 3057 700 3111 Ecce.
716 3055 842 3124 Sclctst.):
860 3072 961 3109 nasum
980 3071 1001 3109 co
1019 3055 1066 3124 (H
1068 3055 1129 3111 Ec

113 3133 139 3180 et
157 3133 220 3180 cate
241 3143 296 3181 ros.
314 3131 386 3180 nasii
401 3127 442 3196 S).
459 3128 464 3196 Ι
480 3125 585 3181 medio:
608 3126 733 3181 medium
751 3129 801 3196 (ir)
820 3144 847 3180 a.
866 3128 875 3196 li
895 3131 927 3178 14
947 3141 981 3179 ea
1000 3126 1061 3196 (sic)
1078 3124 1127 3207 <ci

114 3195 225 3266 capillis
241 3197 279 3250 Η.
304 3200 312 3264 ΙΙ
336 3202 369 3250 15
388 3197 511 3267 corporis
531 3199 608 3271 sexte
624 3199 697 3254 EG:
721 3196 843 3266 corporis
863 3199 944 3251 extae
959 3196 999 3264 H,
1018 3212 1129 3268 corpori

115 3270 194 3341 sexte
209 3268 235 3322 S.
249 3270 259 3338 ΙΙ
273 3273 307 3321 16
327 3267 453 3322 cubitum
467 3268 517 3338 (H,
536 3273 579 3320 -tir
594 3269 624 3322 E
630 3268 689 3337 GS,
707 3271 770 3324 item
785 3269 854 3322 Eacc.
870 3268 933 3336 Sol.)
947 3285 974 3322 tc.
989 3269 999 3337 ΙΙ
1014 3272 1048 3320 17
1064 3283 1128 3323 suos
1207 3330 1208 3337 ἵ

114 3391 141 3428 cc.
159 3376 163 3443 Ι
180 3352 353 3429 commensds
368 3374 406 3428 H.
428 3377 432 3442 1
452 3372 639 3444 proportionis
659 3375 699 3428 Εο
717 3376 787 3443 (nes
805 3377 843 3444 ac).
871 3376 880 3444 ΙΙ
908 3380 942 3428 24
967 3372 1084 3444 sopinus
1099 3373 1134 3431 H

116 3445 163 3512 (G0
180 3453 206 3500 et
224 3453 287 3501 acte
305 3463 359 3500 ros.
375 3445 408 3515 S)
425 3447 428 3516 Ι
446 3445 677 3515 spansisE.1126
697 3447 878 3513 utrarumque
900 3461 1035 3499 mannum
1053 3446 1085 3502 ct
1101 3464 1129 3516 p.

115 3515 149 3570 H
152 3515 182 3571 S
202 3519 384 3585 utrarumque
402 3519 512 3585 rerum(.
528 3518 571 3585 E)
589 3532 724 3570 manuum
742 3519 771 3571 ct
788 3535 815 3586 p.
831 3517 898 3572 EG.
