2416 3922
338 142 874 261 comemmorcmumx,1e
1046 177 1110 242 271

100 332 238 407 opertere
261 347 328 388 eam
349 328 456 388 tumim
478 327 683 389 tabulatorum
700 328 810 404 decem,
831 329 957 405 singulic
977 328 1115 405 partibus

99 420 132 479 in
155 437 193 479 ea
214 419 393 478 fenestratis.
438 417 582 476 maiorem
604 436 674 476 vero
702 418 809 476 tumim
832 418 926 477 altam
948 417 1150 481 cubicorumc

70 517 100 570 (5)
107 523 180 583 cxx,
201 508 297 569 latam
319 506 484 566 cubitorum
505 524 583 564 xxm
605 523 631 581 s,
648 501 656 584 Ι
676 509 895 573 contracturam
916 507 989 566 item
1012 507 1117 581 quinta

101 598 203 673 parte,
233 596 395 656 arrectaria
421 595 542 672 pedalia
567 596 601 654 in
626 595 702 669 imo,
732 594 764 653 in
793 613 906 656 summo
935 595 1116 672 sedigitalia.
1197 640 1200 646 .

75 685 177 747 abano
204 683 441 763 magnitudinem
467 684 559 743 turrie
584 683 716 743 faciebat
741 683 945 742 tabulatorum
966 703 1023 757 xx,
1050 703 1117 743 cum

99 772 247 834 baberent
263 773 384 851 singula
400 773 538 832 tabulata
555 762 791 831 circumitionem
809 772 976 832 cubitorum
989 776 1117 848 ternum,

99 863 224 941 tegebat
253 865 355 922 autem
387 863 475 922 corlie
506 861 617 937 crudis,
649 864 685 920 ut
716 861 755 920 ab
786 862 867 920 omni
897 861 990 939 plaga
1019 865 1117 922 essent

55 962 92 1014 (1⁰)
100 954 195 1011 mtaa
249 951 409 1011 testudinis
441 950 598 1010 arietariae
632 951 815 1026 comparatio
836 948 840 1024 Ι
861 950 964 1009 eadem
999 953 1151 1014 rationee

99 1039 317 1117 perficiebatur.
353 1039 500 1098 habuerat
521 1042 622 1098 autem
643 1038 837 1099 intervallum
860 1038 1027 1099 cubitorum
1045 1057 1117 1112 xxx,

64 1149 89 1191 rc
101 1129 294 1191 altitudinem
315 1131 435 1204 praeter
456 1128 612 1204 fastigium
634 1146 704 1201 xm,
725 1126 841 1204 fastigii
864 1130 965 1186 autem
988 1127 1115 1186 altitudo

100 1218 141 1279 ab
163 1220 259 1279 strato
282 1217 320 1276 ad
343 1235 491 1276 summum
513 1216 615 1275 cubita
636 1234 697 1276 xm.
734 1215 835 1275 exibat
853 1219 953 1275 autem
970 1216 1002 1274 in
1020 1217 1117 1275 altum

101 1309 135 1367 et
155 1324 249 1383 cupra
269 1305 400 1367 medium
421 1308 534 1365 tectum
555 1305 711 1382 fastigium
728 1323 789 1363 non
808 1305 906 1364 minus
925 1304 1026 1364 cubita
1049 1304 1117 1380 duo,

52 1398 135 1459 (lolet
156 1413 248 1472 snpra
269 1395 468 1455 extollebatur
489 1393 634 1453 tunicula
654 1394 746 1452 trium
764 1385 983 1476 tabulaltorum,
1005 1394 1038 1453 in
1057 1413 1117 1470 qua

101 1484 240 1544 tabulato
264 1503 378 1543 summo
402 1482 610 1542 statuebantur
632 1482 800 1559 scorpiones
822 1486 853 1542 ot
870 1483 1050 1559 catapultae,
1072 1484 1116 1543 in·

62 1573 261 1635 ulterioribus
295 1572 509 1650 congerebatur
534 1590 631 1647 aquae
663 1590 774 1648 magna
804 1572 966 1632 multitudo
999 1572 1038 1633 ad
1069 1592 1116 1631 ex-

101 1662 302 1741 tinguendum
324 1663 351 1721 si
374 1680 436 1737 qua
456 1661 503 1721 ris
524 1661 604 1738 ignis
625 1661 834 1720 inmitteretur.
881 1661 1117 1721 constituebatur

103 1754 206 1811 autem
227 1751 260 1810 iu
283 1770 319 1809 ea
340 1750 481 1809 arietaria
503 1750 650 1824 maehina,
673 1768 750 1825 quae
773 1768 878 1828 graece
900 1751 1010 1810 dicitm
1031 1767 1115 1825 κριο-

102 1840 199 1915 δοχη,
228 1841 261 1898 in
289 1857 351 1916 qua
377 1839 589 1899 conlocabatur
615 1842 699 1898 tems
726 1839 874 1914 perfectis
901 1840 933 1898 in
957 1843 1057 1916 torno,
1084 1839 1117 1898 in

47 1920 180 2012 (reliquo
206 1927 327 2004 iusuper
353 1928 532 1989 constitutus
564 1928 641 1986 aries
672 1927 845 1987 rudentium
870 1929 1059 1987 ductionibus
1086 1932 1117 1988 et

61 2017 326 2080 ”reductionibus
349 2017 496 2077 efficiebat
520 2035 644 2093 magnos
667 2017 764 2092 operis
787 2017 916 2075 effectus.
961 2016 1118 2094 tegebatur

47 2097 230 2189 linientem
251 2107 278 2165 ic
300 2106 388 2167 coriis
410 2106 507 2165 crudis
531 2105 780 2180 quemadmodum
802 2105 900 2163 turris.
942 2104 978 2163 de
1000 2104 1116 2164 terebra
1136 2117 1150 2165 *l

102 2196 161 2255 baa
182 2195 325 2272 explicuit
345 2195 464 2270 scriptis
482 2195 621 2252 rationes.
657 2193 755 2269 ipsam
771 2193 941 2252 machinam
958 2194 1005 2252 uti
1023 2195 1116 2252 testu·

102 2283 206 2344 dinem
225 2284 258 2342 in
276 2284 375 2343 medio
394 2283 554 2342 habentem
574 2283 761 2341 conlocatum
781 2283 813 2340 in
834 2282 1008 2341 orthostatis
1029 2300 1116 2341 oana-

103 2373 179 2448 lem‚
206 2372 453 2448 quemadmodum
475 2373 507 2430 in
530 2372 692 2447 catapultis
715 2374 768 2429 aut
788 2370 918 2431 ballistis
939 2370 1004 2429 fieri
1032 2371 1116 2446 solet,

179 2609 193 2658 1
214 2606 287 2673 (item
306 2606 333 2672 1)
351 2605 457 2658 turrem
474 2621 502 2658 a.
524 2605 529 2674 Ι
550 2603 713 2659 tabularum
731 2620 759 2658 a.
786 2604 797 2672 ΙΙ
823 2607 839 2654 3
859 2621 927 2658 cxx.
942 2601 986 2656 H:
1006 2620 1076 2655 cxxx
1090 2604 1117 2658 G

104 2677 127 2746 σ
146 2678 177 2729 at
195 2693 231 2727 xx
249 2692 335 2746 cupro
350 2675 404 2744 (2¹⁰).
421 2677 425 2745 Ι
442 2675 578 2730 cubitoru.
597 2693 666 2727 xxm
684 2679 712 2751 ἦε
730 2674 765 2728 Η
775 2676 810 2744 (et
824 2679 841 2728 9
856 2674 964 2743 petra
979 2673 1021 2744 S),
1040 2673 1116 2728 eubi-

103 2757 199 2811 torum
213 2772 264 2806 xm
276 2757 299 2823 (1
316 2757 348 2807 at
360 2773 430 2809 xxm
446 2771 532 2825 supro
547 2755 593 2824 (ἕο)
610 2786 614 2821 ;
628 2785 632 2794 ›
646 2785 650 2793 ·
664 2786 667 2793 ·
684 2757 744 2823 σῖγ’(
756 2754 832 2821 Ata,
846 2745 1010 2820 κδ’ἔγγιοτα
1024 2754 1115 2808 Acon.

99 2843 132 2899 p.
146 2828 204 2884 239
220 2825 281 2894 W).
298 2825 303 2897 Ι
319 2827 416 2880 eontra
434 2825 589 2880 fracturam
606 2825 641 2882 H
645 2825 671 2882 G
689 2824 810 2896 (factura
823 2823 851 2892 S,
869 2823 1024 2893 fracturam
1040 2824 1093 2892 6⁶).
1107 2822 1118 2897 ΙΙ

102 2902 122 2953 4
162 2898 222 2952 arte
237 2904 265 2963 52:
285 2897 335 2965 (sic
349 2895 383 2950 H
386 2895 421 2964 θ,
486 2895 520 2963 S)
540 2913 592 2952 arr.
607 2913 634 2951 x.
651 2898 656 2968 Ι
672 2894 836 2965 sedigitalia
853 2897 901 2976 Ιείε
919 2897 947 2952 ἓξ
966 2897 1117 2950 δακτύλου(

103 2915 195 3037 Arba:
210 2965 395 3038 semipedalia
404 2984 432 3022 a.
447 2970 456 3037 ΙΙ
470 2972 486 3020 b
500 2964 644 3021 faciebant
655 2967 688 3022 θ.
703 2969 713 3037 ΙΙ
727 2972 742 3020 6
758 2965 950 3023 circuitronem
958 2984 985 3021 o.
1000 2968 1010 3035 Ι
1025 2970 1058 3019 10
1067 2983 1117 3018 xm

103 3039 205 3111 (Atb.):
224 3057 272 3092 xm
289 3040 371 3109 (xm.
386 3038 420 3109 S)
439 3056 466 3094 x.
488 3039 500 3109 Ι
522 3044 553 3091 11
574 3039 716 3094 abstracto
734 3055 763 3094 o.
787 3040 793 3107 Ι
817 3036 956 3109 xv1(Atb.
975 3038 1010 3105 cf.
1025 3037 1116 3092 Aaou.

98 3112 235 3183 pm&
249 3109 317 3179 W.):
331 3128 370 3164 vn
383 3126 410 3164 a.
428 3111 432 3179 Ι
448 3107 565 3164 exhibet
578 3109 661 3179 H(P)
684 3108 773 3163 exibit
786 3113 824 3178 (ο.
838 3111 871 3177 ο.)
887 3109 920 3164 G.
935 3112 939 3177 Ι
959 3113 992 3161 la
1008 3106 1116 3162 cubita:

104 3179 202 3251 capita
220 3183 255 3250 (α.
276 3181 358 3305 ezei.
386 3182 397 3250 ΙΙ
423 3185 456 3233 13
475 3179 612 3235 tmrioula
630 3152 758 3234 cubitoria
776 3179 914 3250 (cubitum
955 3183 964 3248 )
983 3180 1117 3248 quattuor

103 3255 175 3324 (mn.
191 3251 256 3322 Ga)
269 3253 301 3306 ta
321 3251 432 3306 ulatorr'r
446 3268 467 3306 c
485 3251 612 3319 (πυργίον
629 3251 771 3318 spiere-sco
784 3251 868 3320 11111).
885 3252 890 3322 Ι
905 3249 936 3303 in
953 3266 1008 3317 quo
1026 3251 1047 3304 t.
1065 3250 1117 3322 ωΙΙ

105 3329 141 3378 14
155 3322 311 3394 scorpionis
319 3323 353 3377 Η
355 3322 378 3380 8
386 3325 460 3392 (mea
471 3322 515 3392 θ).
529 3324 540 3391 Ι
554 3327 588 3375 15
601 3321 823 3392 congerebantur
836 3326 872 3388 (o.
881 3322 915 3390 c.)
927 3322 960 3377 G.
976 3324 981 3390 Ι
996 3337 1117 3391 magnae

103 3412 132 3452 a.
164 3396 174 3467 Ι
203 3399 239 3447 lc
260 3393 285 3447 si
307 3410 363 3463 qua
381 3395 494 3463 (Pole):
516 3394 564 3462 fior
584 3395 642 3464 (aie)
656 3392 696 3460 H,
714 3392 767 3462 siq,
781 3393 862 3463 S(L),
879 3392 904 3446 si
923 3409 961 3460 qu
993 3393 1089 3462 (illst).
1107 3392 1118 3466 Ι

105 3471 139 3522 11
162 3467 258 3519 autem
277 3482 327 3520 om.
344 3464 378 3522 G.
395 3463 640 3529 linessarietaria
653 3464 695 3519 bl:
713 3463 927 3519 meauariaaria
980 3463 1033 3546 (S),
1051 3462 1117 3518 inea

103 3535 184 3611 varie
202 3535 318 3592 tariaG
336 3535 517 3626 (varipvtaria
533 3537 587 3607 6⁶).
604 3543 610 3606 Ι
625 3535 760 3591 oriodooia
773 3552 801 3591 c.
815 3537 825 3604 Ι
840 3540 872 3588 19
890 3535 1071 3604 prudentium
1087 3552 1115 3590 c.
