2416 3922
51 581 85 622 De
96 592 151 622 ven-

58 636 96 676 tis.

51 3313 126 3355 lLDe

51 3422 134 3463 unone

164 169 230 234 286
491 168 528 222 M.
548 166 629 222 CETI
646 166 848 222 FAVENTINI

164 319 220 379 soli
235 322 266 377 et
283 318 544 377 fundamentorum
558 316 725 394 descriptio,
762 317 977 396 orthographia
989 320 1038 377 est
1049 311 1175 378 lateruin

165 412 195 467 et
213 407 381 466 altitudinis
400 408 553 466 extructio.
594 406 808 485 scenographia
830 409 877 466 est
898 406 1007 467 frontis
1032 410 1063 466 et
1084 407 1174 466 totius

165 495 262 573 operis
284 515 339 571 per
360 496 508 572 picturam
530 496 668 555 ostensio.

231 584 344 643 Ferunt
376 584 497 661 quidam
532 584 778 661 philosophorum
805 583 1027 643 Eratosthenen
1063 584 1173 643 mathe-

51 707 83 746 9,,
98 710 117 757 1,
130 707 150 746 9,
164 664 290 755 matiicis
321 672 485 734 rationibus
514 676 544 732 et
570 673 756 751 geometricis
783 672 930 732 methodis
963 673 1207 749 aequinoctialiot

164 764 297 837 tempore
323 782 378 838 per
404 763 594 840 gnomonicas
620 762 741 822 umbras
768 761 847 822 orbis
869 764 967 821 terrae
990 761 1092 838 spatia
1113 779 1173 821 esse

163 851 302 909 metitum
321 854 351 910 et
369 853 412 910 sio
430 854 525 912 certos
539 853 696 911 ventorum
709 851 845 910 didicisse
858 850 956 910 flatus.
987 853 1092 910 tenere
1106 868 1172 928 ergo

164 941 308 999 orientem
331 939 578 1017 aequinoctialem
600 934 827 1018 (subsolanum,
852 938 1008 998 meridiem
1032 941 1172 1016 austrum,

163 1027 345 1089 occidentem
367 1024 638 1109 aequinoctialem>
653 1029 817 1104 favonium,
833 1023 1093 1106 (septentriones)
1111 1045 1172 1104 sep

162 1118 348 1179 tentrionem
369 1113 373 1198 i
393 1118 473 1180 inter
490 1121 603 1178 cotem
619 1121 721 1178 tamen
734 1117 920 1178 senonicus
936 1115 1091 1193 omaus
1107 1125 1206 1178 arnol

163 1209 231 1266 octo
252 1208 349 1267 uentis
373 1207 474 1267 orbem
495 1210 593 1267 terrae
614 1207 679 1285 regi
700 1207 911 1282 adseverasset,
933 1205 1064 1283 exenni
1084 1223 1172 1269 eausa

161 1295 289 1357 Athenis
315 1297 422 1357 turrim
448 1315 645 1357 marmoream
671 1298 850 1372 octogonam
875 1295 1023 1371 instituit,
1053 1295 1088 1356 in
1113 1313 1172 1370 qua

161 1384 309 1462 imagines
334 1388 491 1446 uentorum
522 1386 656 1461 scalptas
685 1387 788 1443 eontra
819 1402 893 1444 suos
920 1403 1056 1460 quosque
1083 1383 1171 1445 flatos

162 1474 321 1548 ordinavit,
339 1493 488 1551 supraque
503 1474 600 1551 ipsam
617 1472 725 1533 turrim
737 1475 849 1533 metam
861 1490 1061 1534 marmoream
1073 1472 1172 1549 poena

162 1566 192 1621 et
214 1563 367 1623 Tritonem
387 1558 392 1642 Ι
412 1583 538 1625 aeneum
560 1562 726 1623 conlocavit
749 1565 784 1621 et·
805 1562 852 1621 ita
877 1563 924 1622 eet
944 1561 1119 1623 modulatus
1139 1563 1206 1621 atla(

162 1670 230 1710 cum
252 1655 360 1712 vontus
383 1651 491 1728 aliquis
514 1652 703 1728 suspirasset·
716 1650 847 1727 quodam
866 1652 1022 1710 momento
1043 1650 1077 1711 in
1100 1668 1171 1728 gyro

162 1743 300 1816 ageretur
326 1743 357 1799 et
383 1757 475 1817 supra
499 1743 591 1818 eaput
617 1740 681 1800 eius
706 1742 858 1799 resisteret
885 1741 917 1798 et
937 1739 1065 1799 dextera
1083 1758 1170 1800 meam

161 1829 278 1904 virgam
299 1831 409 1888 tenens·
425 1830 524 1905 ipsum
544 1847 608 1888 esse
625 1829 747 1888 flantem
764 1831 953 1888 monstraret
987 1827 1097 1904 itaque
1112 1845 1170 1889 esse

160 1917 239 1976 inter
260 1917 451 1977 subsolanum
469 1921 500 1978 et
518 1920 652 1979 austrum
670 1917 709 1976 ad
725 1918 870 1977 orientem
886 1915 1045 1977 labanum
1062 1936 1171 1994 wem,

160 2005 239 2065 inter
260 2009 394 2066 austrum
417 2010 447 2066 et
467 2002 471 2086 Ι
490 2007 644 2067 favonium
666 2005 705 2065 ed
728 2007 912 2066 occidentem
927 2003 1086 2065 hibernum
1104 2004 1204 2066 afri·¹⁰(

161 2113 236 2172 eum,
258 2097 337 2157 inter
359 2096 513 2156 favonium
535 2099 566 2155 et
587 2095 819 2172 septentrionem
841 2113 973 2168 carru-m,
996 2113 1086 2170 quern
1109 2095 1170 2170 qui·

160 2184 230 2244 dam
260 2205 363 2246 eorum
392 2189 515 2261 vocant,
544 2185 624 2246 inter
655 2185 887 2260 septentrionem
918 2185 951 2242 et
981 2183 1170 2244 subsolanus

160 2275 338 2349 aquilonem.
388 2275 444 2334 hoc
470 2273 557 2334 modo
585 2277 615 2333 et
642 2273 764 2334 nomina
791 2275 824 2332 et
846 2275 948 2348 partos
976 2274 1007 2331 et
1034 2289 1169 2333 umores

159 2367 316 2425 ventonim
329 2364 405 2423 sone
418 2366 556 2439 coeptum
569 2365 622 2422 est.
653 2362 705 2422 sed
725 2357 731 2441 i
749 2361 885 2438 plerique
897 2360 1055 2421 duodecim
1067 2363 1169 2421 ventos
1181 2376 1184 2387 ·
1196 2374 1208 2415 2«

160 2470 225 2511 esse
246 2452 430 2526 adseverant,
452 2454 487 2511 ut
510 2452 608 2512 estin
630 2451 702 2511 iube
724 2451 821 2510 Roma
843 2449 947 2512 Triton
970 2468 1083 2510 aenens
1105 2467 1200 2510 oanis

159 2540 284 2600 totidem
306 2540 478 2601 thoracibus
494 2543 652 2600 ventorum
673 2541 774 2600 factus
795 2539 836 2598 acl
858 2538 985 2615 exempli
1007 2538 1169 2599 Andromoi

161 2628 316 2704 Cyrrestes
338 2629 572 2690 similitudinem.
609 2647 701 2704 supra
722 2631 813 2704 caput
830 2629 913 2688 venti
930 2627 1050 2705 virgam
1069 2631 1168 2687 torrem

160 2717 285 2776 eundem
307 2737 370 2778 esse
393 2719 515 2777 tantem
538 2717 675 2778 ostendit.
712 2708 892 2799 obesi-iubis
910 2735 981 2793 ergo
1004 2735 1047 2777 ne
1065 2717 1198 2778 numo

160 2809 214 2866 aut
240 2808 400 2868 fenestras
413 2810 517 2866 eontra
543 2807 665 2867 nocivos
690 2805 784 2866 flatus
812 2805 913 2866 faoias
962 2805 1064 2864 nonvi
1093 2805 1169 2865 enim

159 2899 232 2955 sunt
250 2896 341 2957 flatus
362 2895 413 2957 ubi
436 2898 490 2955 aut
511 2895 599 2955 nimis
621 2893 800 2956 manabunt
819 2896 873 2954 aut
891 2893 1036 2954 acerrima
1058 2895 1199 2972 frigoras

158 2986 288 3061 faciunt,
316 2988 353 3045 ut
384 2987 414 3043 et
444 2985 584 3045 hominos
606 2987 637 3044 et
663 2984 808 3045 animalia
836 2983 967 3045 laedant.
1016 2981 1168 3062 fingam

159 3093 229 3152 ergo
256 3074 428 3152 regionibus
449 3093 471 3133 a
489 3073 611 3133 meridie
638 3076 692 3132 aut
719 3073 760 3132 ah
785 3091 893 3133 occasu
917 3071 1075 3132 hiberno
1066 3089 1168 3132 murs

159 3167 189 3223 et
211 3165 359 3224 fenestm
377 3163 482 3236 faena
501 3162 649 3223 aestuosis
667 3180 741 3222 voro
762 3180 784 3221 a
802 3160 894 3221 borea
910 3163 946 3220 et.
959 3153 1207 3244 saptentiae-01¹⁰)

157 3252 223 3312 fieri
245 3251 404 3313 ordinabis.
481 3261 484 3266 '

51 3379 91 3408 999
109 3369 144 3408 99.
225 3339 372 3410 Quoniam
402 3338 505 3400 usibna
536 3340 669 3401 omnium
698 3339 826 3399 maxime
857 3339 1045 3400 neeessarias
1076 3353 1197 3415 munau

122 3429 307 3534 quidem,
329 3429 429 3506 primo
450 3447 525 3504 quae
548 3446 657 3506 genera
674 3429 771 3489 terrae
788 3430 896 3488 tenues
913 3430 967 3487 out
984 3427 1165 3488 ouante

76 3494 253 3599 &avenas
280 3519 434 3593 emittant,
460 3516 568 3593 quibus
593 3517 685 3577 etiam
711 3517 807 3594 signis
831 3516 924 3576 altinas
947 3515 1133 3593 dem
1125 3535 1165 3574 in·
