2416 3922
334 189 383 243 DE
402 184 683 245 ARCHITECTURA
700 189 768 245 LIB.
787 189 835 259 VI,
854 196 869 243 3
1045 192 1107 256 139

51 349 88 404 (1⁰)
97 339 229 398 collicias
250 333 255 419 1
274 338 311 398 ab
336 340 452 417 angulis
475 338 623 416 parietum
646 340 684 398 ad
708 341 832 418 angulos
850 341 1001 419 tignorum
1012 343 1109 402 ¹inter-

96 430 260 504 currentes,
291 429 365 487 item
392 428 538 489 asseribus
568 429 787 488 stillicidiorum
815 431 847 487 in
874 430 1004 489 medium
1032 451 1110 490 com·

94 517 233 592 pluvium
256 516 394 576 deiectus.
429 518 462 576 in
481 518 634 576 corinthiis
656 518 751 577 isdem
773 519 938 579 rationibus
961 519 1061 579 trabes
1080 522 1110 579 et

96 604 267 681 compluvia
289 607 489 680 conlocantur,
512 606 564 665 sed
587 627 604 665 a
627 607 790 683 parietibus
815 607 914 666 trabes
941 608 1109 667 recedentes

71 692 126 756 sin
155 694 359 754 circumitione
386 697 463 754 circa
496 696 646 755 columnas
677 699 901 772 componuntur.
951 698 1110 774 tetrastyla

47 795 86 847 (1⁵)
96 785 167 842 sunt
191 803 266 859 quae
289 783 429 843 subiectis
451 782 507 842 sub
528 779 532 862 1
552 783 685 843 trabibus
705 785 898 862 angularibus
917 787 1061 845 columnis
1080 790 1110 845 et

94 872 262 930 utilitatem
287 871 420 931 trabibus
449 875 479 931 et
505 873 678 932 firmitatem
704 876 871 949 praestant,
904 876 982 950 quod
1014 895 1109 950 neque

94 961 180 1036 ipsae
202 980 343 1038 magnum
366 962 511 1037 impetum
534 964 681 1039 coguntur
702 961 809 1020 habere
837 982 932 1038 neque
956 963 992 1021 ab
1019 965 1109 1023 inter-

94 1049 229 1125 pensivis
252 1053 418 1109 onerantur.
456 1050 637 1127 displuviata
660 1053 761 1109 autem
784 1052 906 1109 suntin
931 1051 1036 1127 quibus
1060 1053 1143 1113 dea

56 1161 81 1200 1o
94 1138 209 1214 liquiae
232 1133 331 1198 arcam
354 1139 533 1198 sustinentes
556 1139 710 1198 stillicidia
732 1139 866 1198 reiciunt.
912 1140 985 1199 haec
1012 1141 1109 1200 hiber-

47 1240 85 1292 ae)
94 1226 211 1286 naculis
224 1228 353 1286 maxime
366 1230 521 1304 praestant
538 1228 695 1301 utilitates,
709 1228 789 1303 quod
807 1219 810 1308 1
826 1228 994 1304 compluvia
1008 1248 1109 1290 eorum

95 1317 195 1374 erecta
217 1334 277 1374 non
301 1315 421 1376 obstant
442 1316 603 1375 luminibus
625 1316 831 1375 tricliniorum.
868 1317 919 1376 sed
942 1336 977 1376 ea
998 1317 1110 1376 habent

93 1405 126 1462 in
155 1404 366 1465 refectionibus
392 1406 562 1464 molestiam
588 1424 741 1482 magnam,
769 1405 850 1481 quod
878 1406 956 1464 circa
979 1407 1109 1481 parietes

94 1493 251 1552 stillicidia
273 1493 432 1553 defluentia
460 1495 613 1553 continent
635 1494 766 1568 fistulae,
795 1513 870 1570 quae
892 1514 953 1553 non
976 1495 1109 1554 celeriter

57 1603 80 1644 15
93 1581 245 1658 recipiunt
275 1601 309 1640 ox
336 1582 487 1642 canalibus
516 1601 625 1658 aquam
652 1583 842 1658 defluentem,
873 1584 975 1659 itaque
1002 1585 1108 1642 redun-

47 1685 85 1732 12⁵)
94 1671 203 1730 dantes
225 1673 399 1749 restagnant
422 1673 453 1730 et
474 1672 650 1731 intestinum
673 1675 703 1731 et
724 1673 853 1748 parietes
880 1673 912 1730 in
935 1673 976 1732 eis
998 1667 1002 1750 1
1022 1693 1108 1750 gene-

94 1758 178 1819 ribus
203 1758 403 1820 aedificiomm
427 1763 630 1836 corrumpunt.
665 1761 850 1820 testudinata
867 1780 937 1820 vero
960 1761 1003 1819 ibi
1024 1762 1109 1838 fiunt,

94 1838 146 1906 ribi
169 1865 231 1906 non
253 1852 323 1907 sunt
344 1849 474 1925 impetus
496 1850 598 1926 magni
622 1851 652 1908 et
673 1850 706 1908 in
724 1850 996 1928 contignationibus
1019 1869 1109 1926 supra

95 1937 246 2012 spatiosae
268 1937 432 1996 redduntur
452 1938 661 1997 habitationes.

56 2049 81 2087 ao
162 2024 318 2084 Atriomm
335 2045 406 2085 vero
429 2027 603 2085 latitudines
624 2045 658 2085 ac
680 2027 881 2104 longitudines
904 2027 999 2086 tribus
1022 2047 1109 2105 gene·
1128 2040 1143 2086 3

47 2105 187 2195 41rilbus
209 2115 384 2173 formantur.
422 2117 452 2173 et
473 2116 602 2191 primum
626 2134 717 2192 genus
736 2115 924 2175 distribuitur
945 2116 992 2174 uti
1014 2116 1109 2194 longi-

93 2200 168 2261 tudo
192 2221 259 2261 cum
281 2203 313 2261 in
332 2204 461 2279 quinque
484 2207 585 2279 partes
603 2204 700 2263 divisa
722 2205 821 2278 fuerit,
844 2206 903 2263 tres
922 2207 1021 2279 partes
1040 2205 1109 2262 lati-

94 2291 194 2350 tudini
217 2291 333 2367 dentur,
355 2293 483 2350 altemm
506 2311 572 2351 oum
595 2293 627 2350 in
649 2295 709 2351 tres
731 2294 832 2368 partes
851 2291 1010 2366 dividatur,
1033 2291 1109 2351 duae

95 2383 198 2456 partes
221 2380 374 2439 latitudini
398 2380 575 2455 tribuantur,
598 2382 721 2439 tertium
742 2382 788 2439 uti
810 2380 939 2438 latitudo
962 2380 995 2438 in
1017 2381 1109 2456 quad-

47 2471 162 2530 ·>aorato
185 2460 316 2551 parilbus
338 2469 482 2528 lateribus
505 2469 688 2529 describatur
710 2469 800 2544 inque
824 2488 857 2527 eo
882 2469 1026 2544 quadrato
1046 2469 1108 2527 dia-

94 2557 201 2635 gonios
233 2557 312 2621 linea
344 2557 478 2632 ducatur,
510 2561 540 2616 et
572 2562 716 2634 quantum
748 2558 878 2634 spatium
908 2557 1047 2616 habuerit
1074 2577 1109 2617 ea

94 2645 176 2705 linea
191 2647 354 2723 diagonios,
368 2650 455 2705 tanta
468 2646 625 2724 longitudo
640 2647 717 2705 atrio
733 2648 825 2705 detur.
863 2646 990 2707 altitudo
1005 2666 1106 2706 eorum
1125 2659 1142 2705 4

96 2736 212 2810 quanta
239 2735 368 2795 latitudo
395 2736 487 2794 fuerit
510 2739 617 2811 quarta
641 2736 761 2812 dempta
785 2735 840 2794 snb
863 2735 962 2795 trabes
986 2737 1108 2795 extolla-

94 2827 159 2898 tur,
195 2823 310 2899 reliquo
346 2825 568 2883 lacunariorum
600 2828 630 2884 et
661 2843 747 2883 arcae
779 2843 868 2900 supra
900 2825 999 2883 trabes
1030 2825 1108 2885 ratio

55 2911 250 2973 rehabeatur.

169 3116 411 3172 lintercurrentes
423 3118 462 3174 G:
476 3117 648 3172 incurrentes
658 3118 692 3172 H
695 3117 722 3172 S.
744 3119 753 3187 11
774 3122 790 3170 3
805 3117 930 3171 deiectus
940 3117 974 3171 H
976 3116 1107 3185 S(Nobl):

95 3186 198 3242 deictis
215 3188 241 3243 G
258 3187 386 3258 (deiectis
402 3189 457 3259 (ἕο).
483 3190 487 3258 1
513 3187 657 3242 corinthiis
674 3189 712 3243 G:
731 3187 796 3241 -thii
811 3189 874 3244 HS.
898 3191 902 3256 Ι
925 3187 1034 3241 hisdem
1052 3204 1080 3241 x.
1099 3185 1109 3258 11

94 3264 112 3312 4
126 3259 223 3313 trabes
237 3261 341 3328 (manes
351 3260 397 3329 H)
411 3267 474 3314 autc
488 3276 556 3315 corr.
569 3259 657 3314 cm&
672 3259 681 3330 11
696 3263 711 3311 5
725 3259 877 3328 terrastyla
891 3258 929 3313 H.
944 3260 954 3327 11
969 3262 1002 3311 10
1016 3257 1107 3311 hiber-

93 3328 219 3384 naculis:
238 3329 269 3383 in
286 3329 476 3385 tabernaculis
491 3331 518 3386 S.
533 3331 589 3400 1111
609 3329 750 3384 maximae
764 3331 808 3385 H:
828 3347 900 3384 -mas
916 3329 974 3384 GS.
992 3328 995 3401 1
1012 3345 1107 3382 earum

93 3418 122 3458 x.
138 3403 196 3471 115
216 3416 332 3470 aquam:
351 3418 437 3470 quam
456 3409 518 3455 cute
536 3418 605 3456 corr.
620 3401 659 3456 Η.
678 3403 739 3471 11ἳὸ
759 3400 907 3471 diagonius
920 3417 948 3454 ec.
968 3402 977 3469 11
996 3405 1028 3453 27
1049 3399 1109 3453 dia-

94 3470 437 3599 3οηίί1111ὲ9,-Πὶθ,1128
455 3471 591 3528 latitudo:
610 3470 757 3541 longitudo
775 3490 803 3527 x.
823 3475 832 3542 11
851 3476 884 3525 29
903 3469 1042 3538 reliquum
1061 3471 1109 3540 (G,

94 3547 166 3612 ·qu1’1
241 3544 251 3613 )
269 3560 296 3598 a.
