2416 3922
119 177 184 241 202
542 175 706 231 VITRUVH

119 330 242 386 malium
264 330 371 385 natura
390 330 415 386 si
437 328 580 386 frumenti
603 328 701 385 fructu
722 327 841 402 privata
864 328 956 386 fuerit
980 327 1123 389 arbustive

120 420 174 475 aut
197 435 282 475 carne
307 419 359 474 aut
376 417 493 492 piscatu
516 416 684 474 autetiam
707 415 840 490 qualibet
862 435 899 474 ex
920 416 981 491 his,
1006 418 1123 494 reliquis

119 505 204 564 rebus
238 523 370 564 escarum
394 499 398 583 1
423 505 533 564 utendo
565 505 675 580 poterit
706 504 783 562 tueri
814 504 921 580 vitam,
954 506 1019 565 sine
1050 513 1162 584 aquam

119 613 188 653 vero
220 612 274 652 nec
306 612 411 670 corpus
443 594 616 652 animalium
644 612 698 652 nec
727 593 791 651 ulla
819 593 877 652 cibi
904 593 1002 653 virtus
1029 599 1123 671 potest

118 683 200 741 nasci
227 701 280 741 nec
306 683 385 741 tueri
411 701 465 741 nec
492 684 600 758 parari.
647 701 738 757 quare
763 700 872 758 magna
899 682 1058 760 diligentia
1083 687 1144 744 ins

119 772 292 846 dustriaque
320 772 481 846 quaerendi
504 775 573 830 sunt
596 775 626 830 et
649 771 777 847 eligendi
799 771 897 830 fontes
920 771 1122 832 adhumanas

118 860 413 920 vitaesalubritatem.

65 957 104 1010 IV
184 949 377 1024 Expertiones
401 951 501 1008 autem
523 952 553 1007 et
574 949 763 1023 probationes
787 966 888 1007 eorum
910 949 953 1008 sic
972 953 1044 1009 sunt
1061 969 1122 1026 pro·

118 1030 279 1120 vi[dendae.
324 1039 350 1097 si
373 1041 459 1097 erunt
480 1039 660 1113 profluentes
683 1040 714 1095 et
737 1038 845 1113 aperti,
873 1041 1037 1113 antequam
1059 1039 1161 1098 duoioe

118 1128 313 1203 incipiantur,
341 1127 523 1203 aspiciantur
551 1127 709 1202 animoque
737 1127 931 1185 advertantur
954 1147 1014 1202 qua
1036 1145 1152 1188 mem-u

117 1216 240 1274 bratura
261 1213 265 1295 1
286 1218 346 1275 sint
374 1217 426 1292 qui
454 1215 532 1274 circa
560 1234 608 1274 eos
635 1216 732 1274 fontes
759 1214 898 1273 habitant
921 1216 1069 1292 homines,
1095 1220 1167 1277 etat

118 1305 144 1364 si
167 1308 253 1363 emnt
276 1305 446 1380 corporibus
469 1303 650 1379 valentibus,
680 1303 825 1362 coloribus
848 1303 966 1378 nitidis,
994 1305 1121 1363 cruribus

117 1413 177 1453 non
204 1394 332 1468 vitiosis,
359 1413 419 1452 non
441 1393 532 1469 lippis
556 1393 660 1467 oculis,
689 1395 775 1450 amnt
796 1391 1009 1468 probatissimi.
1054 1394 1121 1453 item

118 1484 143 1541 si
170 1484 236 1542 fons
259 1501 352 1541 novus
375 1483 472 1541 fossus
494 1482 585 1540 fuerit
608 1485 638 1540 et
666 1480 698 1538 in
721 1499 773 1540 vas
796 1481 976 1540 corinthium
998 1483 1062 1542 sive
1084 1485 1120 1541 al·

117 1573 209 1630 terius
241 1572 356 1646 generis
387 1571 465 1645 quod
485 1566 489 1648 1
510 1572 567 1629 erit
594 1589 629 1628 ex
656 1589 722 1628 aere
748 1569 825 1629 bono
854 1589 888 1628 ea
916 1591 995 1646 aqua
1023 1578 1167 1647 sparsa1⁶t⁵t

116 1660 264 1718 maculam
290 1678 350 1717 non
376 1660 493 1731 fecerit,
525 1659 638 1734 optima
666 1662 719 1718 est.
764 1658 894 1734 itemque
921 1660 953 1717 in
982 1679 1072 1719 aeneo
1098 1660 1120 1719 si

118 1768 152 1806 ea
181 1766 258 1823 aqua
285 1748 483 1806 defervefacta
513 1750 543 1805 et
569 1751 674 1823 postea
696 1748 830 1822 requieta
854 1750 883 1806 ct
905 1748 1011 1807 defusa
1034 1749 1120 1808 fuerit

116 1856 212 1911 neque
234 1838 266 1893 in
289 1836 353 1895 eius
372 1836 456 1894 aenei
473 1837 565 1895 fundo
584 1837 694 1895 harena
713 1839 765 1894 aut
783 1835 870 1895 limus
889 1836 1068 1913 invenietur,
1089 1857 1119 1896 ea

82 1937 195 2002 taqua
228 1925 284 1983 erit
310 1926 383 1983 item
409 1925 543 2000 probata.
588 1926 661 1984 item
688 1925 714 1984 si
741 1925 890 2002 legumina
918 1926 950 1984 in
978 1945 1032 1985 vas
1060 1945 1119 1985 cum

117 2034 152 2073 ea
180 2033 257 2089 aqua
280 2014 412 2073 coniecta
436 2014 473 2072 ad
494 2014 594 2091 ignem
616 2014 714 2089 posita
738 2004 881 2095 celelriter
902 2019 1042 2089 percocta
1064 2017 1167 2073 mearet

116 2106 189 2180 rint,
220 2103 394 2161 indicabunt
426 2121 534 2178 aquam
566 2121 628 2161 esse
659 2103 767 2162 bonam
799 2105 829 2160 et
860 2102 1018 2162 salubrem.
1066 2122 1120 2162 non

115 2193 213 2252 minus
241 2193 332 2251 etiam
358 2192 423 2267 ipsa
452 2207 533 2267 aqua
556 2211 632 2266 quae
659 2191 716 2250 erit
738 2191 770 2248 in
792 2192 874 2250 fonte
898 2193 923 2250 si
945 2193 1039 2250 fuerit
1060 2193 1119 2250 lim-

116 2282 186 2358 pida
205 2284 235 2340 et
253 2280 413 2356 perlucida,
432 2299 550 2356 quoque
567 2280 736 2355 pervenerit
755 2282 806 2337 aut
820 2279 994 2355 profluxerit
1007 2299 1119 2340 muscus

116 2389 175 2429 non
202 2372 340 2428 nascetur
366 2388 461 2444 neque
488 2370 605 2444 iuncus²
632 2388 728 2444 neque
755 2368 929 2443 inquinatus
959 2370 996 2428 ab
1025 2371 1119 2446 aliquo

116 2459 339 2534 inquinamento
362 2458 387 2516 is
410 2459 493 2516 locus
516 2457 607 2516 fuerit
629 2457 680 2516 sed
702 2477 810 2532 puram
832 2456 971 2516 habuerit
989 2459 1148 2534 speciema

118 2540 272 2629 {innuitur
298 2547 344 2605 his
372 2548 464 2624 signis
488 2565 550 2605 esse
573 2547 670 2605 tenuis
694 2547 724 2604 et
746 2545 778 2603 in
801 2564 916 2604 summa
938 2547 1117 2606 salubritate.
1125 2555 1156 2606 (1⁵)

76 2641 102 2694 V
182 2635 269 2693 Nunc
292 2635 327 2693 de
349 2635 590 2710 perductionibus
614 2635 651 2693 ad
673 2634 872 2694 habitationes
895 2636 1073 2712 moeniaque
1089 2638 1119 2694 ut

116 2724 180 2782 fieri
202 2726 338 2799 oporteat
361 2724 521 2800 explicabo.
558 2723 641 2782 cuius
664 2725 741 2782 ratio
765 2726 809 2782 est
827 2725 923 2798 prima
941 2724 1118 2799 perlibratio.

115 2813 243 2871 libratur
270 2816 370 2871 autem
396 2813 521 2889 dioptris
546 2815 598 2870 aut
619 2812 703 2870 libris
727 2812 857 2887 aquariis
881 2815 934 2870 aut
957 2814 1119 2886 chorobate,

116 2901 166 2960 ssd
202 2902 373 2978 diligentius
406 2902 533 2960 efficitur
562 2921 616 2977 per
647 2900 840 2975 chorobaten‚
877 2902 957 2976 quod
989 2903 1148 2979 dioptrseu

187 3113 201 3160 1
227 3106 382 3161 arbustive:
411 3106 555 3160 arbustiuo
575 3106 619 3173 H,
647 3105 790 3160 arbustino
810 3104 878 3159 EG.
906 3107 915 3174 11
942 3112 959 3158 4
983 3106 1041 3160 ciui
1059 3106 1095 3160 Η.
1110 3105 1119 3176 11

115 3177 215 3247 heled
230 3177 358 3247 E)gendi
375 3195 402 3231 c.
431 3179 441 3247 1
468 3183 502 3230 14
521 3177 545 3230 si
568 3185 632 3232 oute
650 3193 719 3232 corr.
738 3194 787 3232 om.
806 3176 831 3230 G
850 3178 917 3244 (aon
930 3177 983 3246 E).
1008 3179 1012 3247 1
1037 3192 1117 3231 novoe

115 3256 179 3304 uate
192 3267 260 3304 com.
272 3249 309 3303 H.
324 3251 333 3319 11
348 3253 381 3301 15
395 3248 483 3317 quod:
498 3247 565 3316 quia
575 3249 606 3302 Ε
617 3249 674 3317 (sed
687 3247 762 3317 quod
776 3264 862 3316 semro
873 3247 929 3316 Ec).
944 3249 953 3316 11
967 3253 1004 3302 20
1017 3247 1117 3302 conca

115 3320 153 3374 H.
168 3322 224 3390 1121
243 3337 300 3374 non
318 3318 405 3373 etiam
422 3319 515 3373 minus
533 3336 560 3375 a.
575 3321 631 3388 1122
651 3318 770 3388 limpida
784 3350 817 3359 —
832 3321 887 3389 (23)
901 3317 1065 3386 profluxerit
1082 3319 1117 3373 bis

114 3392 240 3460 deinceps
255 3393 352 3460 poscit
370 3390 403 3444 Η
419 3393 492 3460 (item
511 3390 554 3458 L).
583 3393 592 3460 11
619 3396 654 3443 24
676 3389 789 3444 iuncum
811 3391 968 3460 (-oi1(1')c.
996 3392 1006 3460 11
1033 3395 1066 3443 25
1082 3388 1115 3442 is:

115 3460 159 3514 his
173 3462 211 3515 Η.
234 3464 244 3531 11
267 3467 300 3515 26
319 3460 456 3516 innuitur:
475 3461 602 3514 inbuitur
615 3462 654 3528 H,
672 3460 808 3514 imbuitur
826 3459 894 3514 EG.
917 3462 927 3529 11
949 3466 984 3514 29
1003 3458 1115 3516 diobtfia

114 3548 141 3586 oc.
165 3536 174 3603 11
197 3537 232 3586 30
250 3532 378 3586 diobtrae
396 3535 436 3606 (p
452 3533 488 3602 G)
506 3551 533 3587 c.
