<?xml version="1.0" encoding="UTF-8"?>
<!DOCTYPE html PUBLIC "-//W3C//DTD XHTML 1.0 Transitional//EN"
    "http://www.w3.org/TR/xhtml1/DTD/xhtml1-transitional.dtd">
<html xmlns="http://www.w3.org/1999/xhtml" xml:lang="en" lang="en">
 <head>
  <title>
</title>
<meta http-equiv="Content-Type" content="text/html;charset=utf-8" />
  <meta name='ocr-system' content='tesseract 3.04.00' />
  <meta name='ocr-capabilities' content='ocr_page ocr_carea ocr_par ocr_line ocrx_word'/>
</head>
<body>
  <div class='ocr_page' id='page_1' title='image "./vitruviidearchi00rosegoog_0100.png"; bbox 0 0 2416 3922; ppageno 0'>
   <div class='ocr_carea' id='block_1_1' title="bbox 347 166 1119 238">
    <p class='ocr_par' dir='ltr' id='par_1_1' title="bbox 347 166 1119 238">
     <span class='ocr_line' id='line_1_1' title="bbox 347 166 1119 238; baseline 0 -16"><span class='ocrx_word' id='word_1_1' title='bbox 347 167 395 222; x_wconf 81' lang='lat' dir='ltr'>DE</span> <span class='ocrx_word' id='word_1_2' title='bbox 414 166 778 224; x_wconf 66' lang='lat' dir='ltr'>AROHITEOTURu‘LIB.</span> <span class='ocrx_word' id='word_1_3' title='bbox 796 169 843 238; x_wconf 86' lang='lat'>111,</span> <span class='ocrx_word' id='word_1_4' title='bbox 864 175 878 222; x_wconf 99' lang='grc'>1</span> <span class='ocrx_word' id='word_1_5' title='bbox 1076 168 1119 233; x_wconf 86' lang='grc'>63</span> 
     </span>
    </p>
   </div>
   <div class='ocr_carea' id='block_1_2' title="bbox 47 319 1183 2884">
    <p class='ocr_par' dir='ltr' id='par_1_2' title="bbox 105 319 1119 575">
     <span class='ocr_line' id='line_1_2' title="bbox 107 319 1119 395; baseline 0.002 -18"><span class='ocrx_word' id='word_1_6' title='bbox 107 319 226 379; x_wconf 84' lang='lat' dir='ltr'>Socrati</span> <span class='ocrx_word' id='word_1_7' title='bbox 256 320 370 395; x_wconf 87' lang='lat' dir='ltr'>placuit</span> <span class='ocrx_word' id='word_1_8' title='bbox 402 319 428 378; x_wconf 89' lang='lat' dir='ltr'>si</span> <span class='ocrx_word' id='word_1_9' title='bbox 458 320 503 379; x_wconf 89' lang='lat' dir='ltr'>ita</span> <span class='ocrx_word' id='word_1_10' title='bbox 534 337 636 379; x_wconf 89' lang='lat' dir='ltr'>sensus</span> <span class='ocrx_word' id='word_1_11' title='bbox 668 321 699 378; x_wconf 89' lang='lat' dir='ltr'>ct</span> <span class='ocrx_word' id='word_1_12' title='bbox 725 320 890 378; x_wconf 88' lang='lat' dir='ltr'>sententiae</span> <span class='ocrx_word' id='word_1_13' title='bbox 920 319 1119 395; x_wconf 77' lang='lat' dir='ltr'>scientiaeque</span> 
     </span>
     <span class='ocr_line' id='line_1_3' title="bbox 105 408 1119 485; baseline -0.001 -17"><span class='ocrx_word' id='word_1_14' title='bbox 105 408 272 485; x_wconf 88' lang='lat' dir='ltr'>disciplinis</span> <span class='ocrx_word' id='word_1_15' title='bbox 300 411 406 468; x_wconf 87' lang='lat' dir='ltr'>auctae</span> <span class='ocrx_word' id='word_1_16' title='bbox 433 409 608 485; x_wconf 80' lang='lat' dir='ltr'>perspicuae</span> <span class='ocrx_word' id='word_1_17' title='bbox 636 411 666 467; x_wconf 88' lang='lat' dir='ltr'>ct</span> <span class='ocrx_word' id='word_1_18' title='bbox 692 408 862 484; x_wconf 73' lang='lat' dir='ltr'>perlucidae</span> <span class='ocrx_word' id='word_1_19' title='bbox 888 409 1028 482; x_wconf 85' lang='lat' dir='ltr'>fuissent,</span> <span class='ocrx_word' id='word_1_20' title='bbox 1059 427 1119 467; x_wconf 89' lang='lat' dir='ltr'>non</span> 
     </span>
     <span class='ocr_line' id='line_1_4' title="bbox 105 497 1119 575; baseline 0 -19"><span class='ocrx_word' id='word_1_21' title='bbox 105 498 205 575; x_wconf 86' lang='lat' dir='ltr'>gratia</span> <span class='ocrx_word' id='word_1_22' title='bbox 232 517 329 574; x_wconf 89' lang='lat' dir='ltr'>neque</span> <span class='ocrx_word' id='word_1_23' title='bbox 357 498 480 558; x_wconf 79' lang='lat' dir='ltr'>ambitio</span> <span class='ocrx_word' id='word_1_24' title='bbox 507 499 632 573; x_wconf 78' lang='lat' dir='ltr'>valeret,</span> <span class='ocrx_word' id='word_1_25' title='bbox 661 497 712 556; x_wconf 89' lang='lat' dir='ltr'>sed</span> <span class='ocrx_word' id='word_1_26' title='bbox 740 498 766 556; x_wconf 95' lang='lat' dir='ltr'>si</span> <span class='ocrx_word' id='word_1_27' title='bbox 794 497 846 572; x_wconf 93' lang='lat' dir='ltr'>qui</span> <span class='ocrx_word' id='word_1_28' title='bbox 867 498 944 556; x_wconf 85' lang='lat' dir='ltr'>veris</span> <span class='ocrx_word' id='word_1_29' title='bbox 972 497 1119 573; x_wconf 87' lang='lat' dir='ltr'>certisque</span> 
     </span>
    </p>

    <p class='ocr_par' dir='ltr' id='par_1_3' title="bbox 58 578 1119 668">
     <span class='ocr_line' id='line_1_5' title="bbox 58 578 1119 668; baseline -0.002 -22"><span class='ocrx_word' id='word_1_30' title='bbox 58 596 96 649; x_wconf 85' lang='lat'>(1⁰)</span> <span class='ocrx_word' id='word_1_31' title='bbox 105 585 258 646; x_wconf 85' lang='lat' dir='ltr'>laboribus</span> <span class='ocrx_word' id='word_1_32' title='bbox 277 578 488 668; x_wconf 78' lang='lat' dir='ltr'>doctrilnarum</span> <span class='ocrx_word' id='word_1_33' title='bbox 505 586 709 662; x_wconf 84' lang='lat' dir='ltr'>pervenissent</span> <span class='ocrx_word' id='word_1_34' title='bbox 728 585 766 644; x_wconf 92' lang='lat' dir='ltr'>ad</span> <span class='ocrx_word' id='word_1_35' title='bbox 786 587 941 645; x_wconf 87' lang='lat' dir='ltr'>scientiam</span> <span class='ocrx_word' id='word_1_36' title='bbox 964 605 1119 661; x_wconf 90' lang='lat' dir='ltr'>summam,</span> 
     </span>
    </p>

    <p class='ocr_par' dir='ltr' id='par_1_4' title="bbox 80 675 1119 1019">
     <span class='ocr_line' id='line_1_6' title="bbox 80 675 1119 752; baseline -0.001 -17"><span class='ocrx_word' id='word_1_37' title='bbox 80 677 148 736; x_wconf 81' lang='lat' dir='ltr'>seis</span> <span class='ocrx_word' id='word_1_38' title='bbox 171 676 253 734; x_wconf 89' lang='lat' dir='ltr'>ultro</span> <span class='ocrx_word' id='word_1_39' title='bbox 278 695 368 752; x_wconf 86' lang='lat' dir='ltr'>opera</span> <span class='ocrx_word' id='word_1_40' title='bbox 390 676 585 734; x_wconf 89' lang='lat' dir='ltr'>traderentur.</span> <span class='ocrx_word' id='word_1_41' title='bbox 622 675 763 750; x_wconf 88' lang='lat' dir='ltr'>quoniam</span> <span class='ocrx_word' id='word_1_42' title='bbox 785 677 886 733; x_wconf 90' lang='lat' dir='ltr'>autern</span> <span class='ocrx_word' id='word_1_43' title='bbox 909 694 943 733; x_wconf 87' lang='lat' dir='ltr'>ca</span> <span class='ocrx_word' id='word_1_44' title='bbox 966 693 1026 733; x_wconf 92' lang='lat' dir='ltr'>non</span> <span class='ocrx_word' id='word_1_45' title='bbox 1049 679 1119 734; x_wconf 92' lang='lat' dir='ltr'>sunt</span> 
     </span>
     <span class='ocr_line' id='line_1_7' title="bbox 104 763 1119 840; baseline -0.002 -17"><span class='ocrx_word' id='word_1_46' title='bbox 104 763 245 824; x_wconf 85' lang='lat' dir='ltr'>inlustria</span> <span class='ocrx_word' id='word_1_47' title='bbox 272 783 368 840; x_wconf 91' lang='lat' dir='ltr'>ncquc</span> <span class='ocrx_word' id='word_1_48' title='bbox 397 765 571 840; x_wconf 78' lang='lat' dir='ltr'>apparentia</span> <span class='ocrx_word' id='word_1_49' title='bbox 596 764 627 821; x_wconf 92' lang='lat' dir='ltr'>in</span> <span class='ocrx_word' id='word_1_50' title='bbox 651 766 785 839; x_wconf 88' lang='lat' dir='ltr'>aspectu,</span> <span class='ocrx_word' id='word_1_51' title='bbox 812 767 847 822; x_wconf 90' lang='lat' dir='ltr'>ut</span> <span class='ocrx_word' id='word_1_52' title='bbox 869 767 1009 838; x_wconf 87' lang='lat' dir='ltr'>putamus</span> <span class='ocrx_word' id='word_1_53' title='bbox 1033 783 1119 839; x_wconf 89' lang='lat' dir='ltr'>opor·</span> 
     </span>
     <span class='ocr_line' id='line_1_8' title="bbox 104 853 1119 930; baseline -0.001 -18"><span class='ocrx_word' id='word_1_54' title='bbox 104 853 208 928; x_wconf 87' lang='lat' dir='ltr'>tuisse,</span> <span class='ocrx_word' id='word_1_55' title='bbox 232 856 262 912; x_wconf 90' lang='lat' dir='ltr'>ct</span> <span class='ocrx_word' id='word_1_56' title='bbox 285 853 488 912; x_wconf 86' lang='lat' dir='ltr'>animadverto</span> <span class='ocrx_word' id='word_1_57' title='bbox 510 853 612 928; x_wconf 91' lang='lat' dir='ltr'>potius</span> <span class='ocrx_word' id='word_1_58' title='bbox 634 853 770 912; x_wconf 91' lang='lat' dir='ltr'>indoctos</span> <span class='ocrx_word' id='word_1_59' title='bbox 789 871 880 928; x_wconf 88' lang='lat' dir='ltr'>quarn</span> <span class='ocrx_word' id='word_1_60' title='bbox 898 853 999 912; x_wconf 90' lang='lat' dir='ltr'>doctos</span> <span class='ocrx_word' id='word_1_61' title='bbox 1021 853 1119 930; x_wconf 84' lang='lat' dir='ltr'>gratia</span> 
     </span>
     <span class='ocr_line' id='line_1_9' title="bbox 105 941 1117 1019; baseline -0.001 -19"><span class='ocrx_word' id='word_1_62' title='bbox 105 957 256 1019; x_wconf 82' lang='lat' dir='ltr'>superare,</span> <span class='ocrx_word' id='word_1_63' title='bbox 278 961 338 1001; x_wconf 92' lang='lat' dir='ltr'>non</span> <span class='ocrx_word' id='word_1_64' title='bbox 361 961 424 1002; x_wconf 88' lang='lat' dir='ltr'>esse</span> <span class='ocrx_word' id='word_1_65' title='bbox 447 941 620 1001; x_wconf 86' lang='lat' dir='ltr'>certandum</span> <span class='ocrx_word' id='word_1_66' title='bbox 642 941 775 1001; x_wconf 89' lang='lat' dir='ltr'>iudicans</span> <span class='ocrx_word' id='word_1_67' title='bbox 794 961 861 1000; x_wconf 92' lang='lat' dir='ltr'>cum</span> <span class='ocrx_word' id='word_1_68' title='bbox 879 942 1006 1000; x_wconf 91' lang='lat' dir='ltr'>indoctis</span> <span class='ocrx_word' id='word_1_69' title='bbox 1026 941 1117 999; x_wconf 90' lang='lat' dir='ltr'>ambi·</span> 
     </span>
    </p>

    <p class='ocr_par' dir='ltr' id='par_1_5' title="bbox 58 1023 1119 1112">
     <span class='ocr_line' id='line_1_10' title="bbox 58 1023 1119 1112; baseline -0.004 -19"><span class='ocrx_word' id='word_1_70' title='bbox 58 1041 95 1095; x_wconf 79' lang='lat'>(1⁵)</span> <span class='ocrx_word' id='word_1_71' title='bbox 104 1032 196 1107; x_wconf 88' lang='lat' dir='ltr'>tione,</span> <span class='ocrx_word' id='word_1_72' title='bbox 208 1031 310 1107; x_wconf 91' lang='lat' dir='ltr'>potius</span> <span class='ocrx_word' id='word_1_73' title='bbox 324 1032 369 1090; x_wconf 92' lang='lat' dir='ltr'>his</span> <span class='ocrx_word' id='word_1_74' title='bbox 383 1023 559 1112; x_wconf 72' lang='lat' dir='ltr'>praelceptis</span> <span class='ocrx_word' id='word_1_75' title='bbox 574 1030 661 1089; x_wconf 91' lang='lat' dir='ltr'>editis</span> <span class='ocrx_word' id='word_1_76' title='bbox 676 1031 830 1090; x_wconf 89' lang='lat' dir='ltr'>ostendam</span> <span class='ocrx_word' id='word_1_77' title='bbox 844 1033 963 1090; x_wconf 88' lang='lat' dir='ltr'>nostrae</span> <span class='ocrx_word' id='word_1_78' title='bbox 977 1031 1119 1089; x_wconf 84' lang='lat' dir='ltr'>scientiae</span> 
     </span>
    </p>

    <p class='ocr_par' dir='ltr' id='par_1_6' title="bbox 68 1122 257 1181">
     <span class='ocr_line' id='line_1_11' title="bbox 68 1122 257 1181; baseline -0.016 0"><span class='ocrx_word' id='word_1_79' title='bbox 68 1142 92 1181; x_wconf 84' lang='lat' dir='ltr'>ro</span> <span class='ocrx_word' id='word_1_80' title='bbox 105 1122 257 1179; x_wconf 85' lang='lat' dir='ltr'>virtutem.</span> 
     </span>
    </p>

    <p class='ocr_par' dir='ltr' id='par_1_7' title="bbox 105 1207 1153 1551">
     <span class='ocr_line' id='line_1_12' title="bbox 171 1207 1153 1284; baseline -0.001 -17"><span class='ocrx_word' id='word_1_81' title='bbox 171 1209 288 1284; x_wconf 87' lang='lat' dir='ltr'>Itaque,</span> <span class='ocrx_word' id='word_1_82' title='bbox 310 1209 485 1283; x_wconf 87' lang='lat' dir='ltr'>imperator,</span> <span class='ocrx_word' id='word_1_83' title='bbox 511 1208 544 1266; x_wconf 94' lang='lat' dir='ltr'>in</span> <span class='ocrx_word' id='word_1_84' title='bbox 571 1208 667 1284; x_wconf 91' lang='lat' dir='ltr'>primo</span> <span class='ocrx_word' id='word_1_85' title='bbox 690 1208 840 1268; x_wconf 84' lang='lat' dir='ltr'>volumina</span> <span class='ocrx_word' id='word_1_86' title='bbox 862 1207 918 1265; x_wconf 88' lang='lat' dir='ltr'>tibi</span> <span class='ocrx_word' id='word_1_87' title='bbox 942 1207 978 1265; x_wconf 90' lang='lat' dir='ltr'>de</span> <span class='ocrx_word' id='word_1_88' title='bbox 1002 1211 1065 1266; x_wconf 87' lang='lat' dir='ltr'>arte</span> <span class='ocrx_word' id='word_1_89' title='bbox 1089 1211 1153 1272; x_wconf 72' lang='lat' dir='ltr'>eta</span> 
     </span>
     <span class='ocr_line' id='line_1_13' title="bbox 106 1296 1118 1375; baseline -0.003 -18"><span class='ocrx_word' id='word_1_90' title='bbox 106 1316 180 1375; x_wconf 88' lang='lat' dir='ltr'>quas</span> <span class='ocrx_word' id='word_1_91' title='bbox 202 1297 313 1357; x_wconf 87' lang='lat' dir='ltr'>habeat</span> <span class='ocrx_word' id='word_1_92' title='bbox 331 1316 365 1356; x_wconf 89' lang='lat' dir='ltr'>ea</span> <span class='ocrx_word' id='word_1_93' title='bbox 383 1298 508 1355; x_wconf 85' lang='lat' dir='ltr'>virtutes</span> <span class='ocrx_word' id='word_1_94' title='bbox 528 1297 695 1372; x_wconf 87' lang='lat' dir='ltr'>quibusque</span> <span class='ocrx_word' id='word_1_95' title='bbox 716 1296 879 1372; x_wconf 87' lang='lat' dir='ltr'>disciplinis</span> <span class='ocrx_word' id='word_1_96' title='bbox 899 1299 1037 1372; x_wconf 88' lang='lat' dir='ltr'>oporteat</span> <span class='ocrx_word' id='word_1_97' title='bbox 1055 1313 1118 1354; x_wconf 84' lang='lat' dir='ltr'>esse</span> 
     </span>
     <span class='ocr_line' id='line_1_14' title="bbox 105 1383 1118 1461; baseline -0.004 -15"><span class='ocrx_word' id='word_1_98' title='bbox 105 1390 229 1446; x_wconf 86' lang='lat' dir='ltr'>auctum</span> <span class='ocrx_word' id='word_1_99' title='bbox 257 1386 450 1445; x_wconf 83' lang='lat' dir='ltr'>architectum</span> <span class='ocrx_word' id='word_1_100' title='bbox 477 1386 612 1461; x_wconf 85' lang='lat' dir='ltr'>exposui,</span> <span class='ocrx_word' id='word_1_101' title='bbox 646 1389 675 1445; x_wconf 89' lang='lat' dir='ltr'>et</span> <span class='ocrx_word' id='word_1_102' title='bbox 702 1385 814 1444; x_wconf 90' lang='lat' dir='ltr'>subieci</span> <span class='ocrx_word' id='word_1_103' title='bbox 841 1404 946 1444; x_wconf 91' lang='lat' dir='ltr'>causas</span> <span class='ocrx_word' id='word_1_104' title='bbox 975 1385 1047 1460; x_wconf 91' lang='lat' dir='ltr'>quid</span> <span class='ocrx_word' id='word_1_105' title='bbox 1073 1383 1118 1442; x_wconf 89' lang='lat' dir='ltr'>ita</span> 
     </span>
     <span class='ocr_line' id='line_1_15' title="bbox 106 1475 1118 1551; baseline -0.002 -17"><span class='ocrx_word' id='word_1_106' title='bbox 106 1495 209 1535; x_wconf 84' lang='lat' dir='ltr'>aarum</span> <span class='ocrx_word' id='word_1_107' title='bbox 241 1477 378 1551; x_wconf 84' lang='lat' dir='ltr'>oporteat</span> <span class='ocrx_word' id='word_1_108' title='bbox 410 1494 477 1532; x_wconf 90' lang='lat' dir='ltr'>eum</span> <span class='ocrx_word' id='word_1_109' title='bbox 505 1493 567 1534; x_wconf 88' lang='lat' dir='ltr'>esse</span> <span class='ocrx_word' id='word_1_110' title='bbox 594 1475 736 1550; x_wconf 79' lang='lat' dir='ltr'>peritum,</span> <span class='ocrx_word' id='word_1_111' title='bbox 768 1475 958 1550; x_wconf 87' lang='lat' dir='ltr'>rationesque</span> <span class='ocrx_word' id='word_1_112' title='bbox 985 1492 1118 1533; x_wconf 89' lang='lat' dir='ltr'>summae</span> 
     </span>
    </p>

    <p class='ocr_par' dir='ltr' id='par_1_8' title="bbox 47 1556 1118 1997">
     <span class='ocr_line' id='line_1_16' title="bbox 47 1556 1118 1645; baseline 0.003 -28"><span class='ocrx_word' id='word_1_113' title='bbox 47 1556 331 1645; x_wconf 72' lang='lat' dir='ltr'>nlrsarchitectulrae</span> <span class='ocrx_word' id='word_1_114' title='bbox 353 1564 515 1640; x_wconf 82' lang='lat' dir='ltr'>partitione</span> <span class='ocrx_word' id='word_1_115' title='bbox 533 1564 672 1623; x_wconf 84' lang='lat' dir='ltr'>distribui</span> <span class='ocrx_word' id='word_1_116' title='bbox 689 1563 932 1638; x_wconf 89' lang='lat' dir='ltr'>finitionibusque</span> <span class='ocrx_word' id='word_1_117' title='bbox 950 1562 1118 1621; x_wconf 86' lang='lat' dir='ltr'>terminavi.</span> 
     </span>
     <span class='ocr_line' id='line_1_17' title="bbox 105 1651 1118 1729; baseline -0.003 -17"><span class='ocrx_word' id='word_1_118' title='bbox 105 1653 212 1713; x_wconf 88' lang='lat' dir='ltr'>deinde</span> <span class='ocrx_word' id='word_1_119' title='bbox 241 1652 320 1729; x_wconf 91' lang='lat' dir='ltr'>quod</span> <span class='ocrx_word' id='word_1_120' title='bbox 352 1654 416 1710; x_wconf 90' lang='lat' dir='ltr'>erat</span> <span class='ocrx_word' id='word_1_121' title='bbox 442 1653 571 1728; x_wconf 90' lang='lat' dir='ltr'>primum</span> <span class='ocrx_word' id='word_1_122' title='bbox 599 1655 629 1712; x_wconf 90' lang='lat' dir='ltr'>et</span> <span class='ocrx_word' id='word_1_123' title='bbox 655 1654 865 1727; x_wconf 82' lang='lat' dir='ltr'>necessarium,</span> <span class='ocrx_word' id='word_1_124' title='bbox 898 1652 933 1710; x_wconf 91' lang='lat' dir='ltr'>de</span> <span class='ocrx_word' id='word_1_125' title='bbox 965 1651 1118 1710; x_wconf 89' lang='lat' dir='ltr'>moenibus</span> 
     </span>
     <span class='ocr_line' id='line_1_18' title="bbox 106 1741 1117 1818; baseline -0.003 -18"><span class='ocrx_word' id='word_1_126' title='bbox 106 1741 356 1818; x_wconf 89' lang='lat' dir='ltr'>quemadmodum</span> <span class='ocrx_word' id='word_1_127' title='bbox 380 1741 529 1818; x_wconf 86' lang='lat' dir='ltr'>eligantur</span> <span class='ocrx_word' id='word_1_128' title='bbox 546 1742 604 1800; x_wconf 91' lang='lat' dir='ltr'>loci</span> <span class='ocrx_word' id='word_1_129' title='bbox 623 1741 754 1801; x_wconf 87' lang='lat' dir='ltr'>salubres</span> <span class='ocrx_word' id='word_1_130' title='bbox 772 1741 1051 1800; x_wconf 88' lang='lat' dir='ltr'>ratiocinationibus</span> <span class='ocrx_word' id='word_1_131' title='bbox 1071 1759 1117 1798; x_wconf 83' lang='lat' dir='ltr'>cx-</span> 
     </span>
     <span class='ocr_line' id='line_1_19' title="bbox 104 1825 1118 1908; baseline -0.002 -18"><span class='ocrx_word' id='word_1_132' title='bbox 104 1831 212 1907; x_wconf 88' lang='lat' dir='ltr'>plicui,</span> <span class='ocrx_word' id='word_1_133' title='bbox 235 1831 375 1906; x_wconf 85' lang='lat' dir='ltr'>ventique</span> <span class='ocrx_word' id='word_1_134' title='bbox 399 1830 450 1905; x_wconf 91' lang='lat' dir='ltr'>qui</span> <span class='ocrx_word' id='word_1_135' title='bbox 473 1830 534 1889; x_wconf 91' lang='lat' dir='ltr'>sint</span> <span class='ocrx_word' id='word_1_136' title='bbox 557 1833 586 1888; x_wconf 89' lang='lat' dir='ltr'>et</span> <span class='ocrx_word' id='word_1_137' title='bbox 610 1850 625 1889; x_wconf 87' lang='lat' dir='ltr'>e</span> <span class='ocrx_word' id='word_1_138' title='bbox 649 1830 755 1906; x_wconf 92' lang='lat' dir='ltr'>quibus</span> <span class='ocrx_word' id='word_1_139' title='bbox 778 1825 988 1908; x_wconf 80' lang='lat' dir='ltr'>&lt;regionibus&gt;</span> <span class='ocrx_word' id='word_1_140' title='bbox 1007 1829 1118 1906; x_wconf 81' lang='lat' dir='ltr'>singuli</span> 
     </span>
     <span class='ocr_line' id='line_1_20' title="bbox 105 1919 1118 1997; baseline -0.002 -19"><span class='ocrx_word' id='word_1_141' title='bbox 105 1921 221 1997; x_wconf 87' lang='lat' dir='ltr'>spirent</span> <span class='ocrx_word' id='word_1_142' title='bbox 235 1919 498 1978; x_wconf 85' lang='lat' dir='ltr'>detbrmationibus</span> <span class='ocrx_word' id='word_1_143' title='bbox 513 1919 682 1997; x_wconf 82' lang='lat' dir='ltr'>grammicis</span> <span class='ocrx_word' id='word_1_144' title='bbox 702 1920 826 1994; x_wconf 83' lang='lat' dir='ltr'>ostendi,</span> <span class='ocrx_word' id='word_1_145' title='bbox 844 1920 1069 1995; x_wconf 88' lang='lat' dir='ltr'>platearumque</span> <span class='ocrx_word' id='word_1_146' title='bbox 1089 1921 1118 1976; x_wconf 88' lang='lat' dir='ltr'>et</span> 
     </span>
    </p>

    <p class='ocr_par' dir='ltr' id='par_1_9' title="bbox 47 1999 1183 2532">
     <span class='ocr_line' id='line_1_21' title="bbox 47 1999 1118 2089; baseline -0.007 -16"><span class='ocrx_word' id='word_1_147' title='bbox 47 2009 240 2072; x_wconf 64' lang='lat' dir='ltr'>turonicorum</span> <span class='ocrx_word' id='word_1_148' title='bbox 253 2007 299 2067; x_wconf 92' lang='lat' dir='ltr'>uti</span> <span class='ocrx_word' id='word_1_149' title='bbox 313 2007 466 2066; x_wconf 88' lang='lat' dir='ltr'>emendate</span> <span class='ocrx_word' id='word_1_150' title='bbox 483 1999 486 2089; x_wconf 73' lang='lat' dir='ltr'>l</span> <span class='ocrx_word' id='word_1_151' title='bbox 502 2007 576 2066; x_wconf 89' lang='lat' dir='ltr'>fiant</span> <span class='ocrx_word' id='word_1_152' title='bbox 590 2008 813 2067; x_wconf 86' lang='lat' dir='ltr'>distributiones</span> <span class='ocrx_word' id='word_1_153' title='bbox 824 2009 857 2066; x_wconf 91' lang='lat' dir='ltr'>in</span> <span class='ocrx_word' id='word_1_154' title='bbox 867 2008 1020 2067; x_wconf 86' lang='lat' dir='ltr'>moenibus</span> <span class='ocrx_word' id='word_1_155' title='bbox 1032 2008 1118 2066; x_wconf 91' lang='lat' dir='ltr'>docui</span> 
     </span>
     <span class='ocr_line' id='line_1_22' title="bbox 106 2095 1118 2172; baseline -0.003 -16"><span class='ocrx_word' id='word_1_156' title='bbox 106 2101 136 2156; x_wconf 89' lang='lat' dir='ltr'>at</span> <span class='ocrx_word' id='word_1_157' title='bbox 154 2098 199 2156; x_wconf 88' lang='lat' dir='ltr'>ita</span> <span class='ocrx_word' id='word_1_158' title='bbox 216 2096 382 2155; x_wconf 88' lang='lat' dir='ltr'>finitionem</span> <span class='ocrx_word' id='word_1_159' title='bbox 400 2096 495 2172; x_wconf 90' lang='lat' dir='ltr'>primo</span> <span class='ocrx_word' id='word_1_160' title='bbox 510 2098 659 2155; x_wconf 86' lang='lat' dir='ltr'>volumine</span> <span class='ocrx_word' id='word_1_161' title='bbox 674 2097 825 2156; x_wconf 88' lang='lat' dir='ltr'>constitui.</span> <span class='ocrx_word' id='word_1_162' title='bbox 857 2096 930 2154; x_wconf 89' lang='lat' dir='ltr'>item</span> <span class='ocrx_word' id='word_1_163' title='bbox 944 2097 976 2154; x_wconf 92' lang='lat' dir='ltr'>in</span> <span class='ocrx_word' id='word_1_164' title='bbox 989 2095 1118 2156; x_wconf 88' lang='lat' dir='ltr'>secundo</span> 
     </span>
     <span class='ocr_line' id='line_1_23' title="bbox 105 2175 1183 2261; baseline -0.003 -15"><span class='ocrx_word' id='word_1_165' title='bbox 105 2187 142 2246; x_wconf 85' lang='lat' dir='ltr'>de</span> <span class='ocrx_word' id='word_1_166' title='bbox 169 2183 295 2244; x_wconf 86' lang='lat' dir='ltr'>materia</span> <span class='ocrx_word' id='word_1_167' title='bbox 323 2204 396 2261; x_wconf 88' lang='lat' dir='ltr'>quas</span> <span class='ocrx_word' id='word_1_168' title='bbox 423 2185 533 2245; x_wconf 90' lang='lat' dir='ltr'>habeat</span> <span class='ocrx_word' id='word_1_169' title='bbox 559 2186 591 2244; x_wconf 92' lang='lat' dir='ltr'>in</span> <span class='ocrx_word' id='word_1_170' title='bbox 617 2186 753 2261; x_wconf 88' lang='lat' dir='ltr'>operibus</span> <span class='ocrx_word' id='word_1_171' title='bbox 781 2186 928 2243; x_wconf 87' lang='lat' dir='ltr'>utilitates</span> <span class='ocrx_word' id='word_1_172' title='bbox 957 2187 987 2242; x_wconf 90' lang='lat' dir='ltr'>et</span> <span class='ocrx_word' id='word_1_173' title='bbox 1010 2184 1117 2260; x_wconf 91' lang='lat' dir='ltr'>quibus</span> <span class='ocrx_word' id='word_1_174' title='bbox 1181 2175 1183 2178; x_wconf 49' lang='grc'>’</span> 
     </span>
     <span class='ocr_line' id='line_1_24' title="bbox 105 2273 1118 2350; baseline -0.004 -16"><span class='ocrx_word' id='word_1_175' title='bbox 105 2274 268 2334; x_wconf 87' lang='lat' dir='ltr'>virtutibus</span> <span class='ocrx_word' id='word_1_176' title='bbox 293 2276 437 2332; x_wconf 87' lang='lat' dir='ltr'>enatura</span> <span class='ocrx_word' id='word_1_177' title='bbox 460 2293 558 2333; x_wconf 87' lang='lat' dir='ltr'>rerum</span> <span class='ocrx_word' id='word_1_178' title='bbox 581 2275 621 2334; x_wconf 91' lang='lat' dir='ltr'>sit</span> <span class='ocrx_word' id='word_1_179' title='bbox 644 2277 816 2349; x_wconf 87' lang='lat' dir='ltr'>comparata</span> <span class='ocrx_word' id='word_1_180' title='bbox 838 2273 946 2350; x_wconf 88' lang='lat' dir='ltr'>peregi.</span> <span class='ocrx_word' id='word_1_181' title='bbox 986 2273 1118 2331; x_wconf 91' lang='lat' dir='ltr'>nuncin</span> 
     </span>
     <span class='ocr_line' id='line_1_25' title="bbox 105 2362 1117 2423; baseline -0.003 -1"><span class='ocrx_word' id='word_1_182' title='bbox 105 2364 196 2423; x_wconf 87' lang='lat' dir='ltr'>tertio</span> <span class='ocrx_word' id='word_1_183' title='bbox 220 2363 256 2422; x_wconf 91' lang='lat' dir='ltr'>de</span> <span class='ocrx_word' id='word_1_184' title='bbox 279 2363 400 2422; x_wconf 90' lang='lat' dir='ltr'>deorum</span> <span class='ocrx_word' id='word_1_185' title='bbox 422 2363 627 2422; x_wconf 89' lang='lat' dir='ltr'>inmortalium</span> <span class='ocrx_word' id='word_1_186' title='bbox 650 2363 771 2422; x_wconf 88' lang='lat' dir='ltr'>aedibus</span> <span class='ocrx_word' id='word_1_187' title='bbox 793 2363 883 2421; x_wconf 90' lang='lat' dir='ltr'>sacris</span> <span class='ocrx_word' id='word_1_188' title='bbox 907 2362 1004 2419; x_wconf 89' lang='lat' dir='ltr'>dicam</span> <span class='ocrx_word' id='word_1_189' title='bbox 1023 2363 1117 2420; x_wconf 91' lang='lat' dir='ltr'>etuti</span> 
     </span>
     <span class='ocr_line' id='line_1_26' title="bbox 47 2444 612 2532; baseline -0.011 -16"><span class='ocrx_word' id='word_1_190' title='bbox 47 2455 227 2529; x_wconf 75' lang='lat' dir='ltr'>errcoporrer</span> <span class='ocrx_word' id='word_1_191' title='bbox 248 2453 427 2528; x_wconf 86' lang='lat' dir='ltr'>perscriptas</span> <span class='ocrx_word' id='word_1_192' title='bbox 452 2444 612 2532; x_wconf 73' lang='lat' dir='ltr'>exlponam.</span> 
     </span>
    </p>

    <p class='ocr_par' dir='ltr' id='par_1_10' title="bbox 54 2533 1149 2884">
     <span class='ocr_line' id='line_1_27' title="bbox 54 2533 1149 2623; baseline 0.001 -24"><span class='ocrx_word' id='word_1_193' title='bbox 54 2551 90 2606; x_wconf 74' lang='grc'>65</span> <span class='ocrx_word' id='word_1_194' title='bbox 175 2533 319 2623; x_wconf 69' lang='lat' dir='ltr'>&#39;Aedium</span> <span class='ocrx_word' id='word_1_195' title='bbox 338 2541 511 2616; x_wconf 91' lang='lat' dir='ltr'>compositio</span> <span class='ocrx_word' id='word_1_196' title='bbox 531 2543 648 2600; x_wconf 90' lang='lat' dir='ltr'>constat</span> <span class='ocrx_word' id='word_1_197' title='bbox 667 2559 702 2599; x_wconf 85' lang='lat' dir='ltr'>ex</span> <span class='ocrx_word' id='word_1_198' title='bbox 720 2541 901 2615; x_wconf 82' lang='lat' dir='ltr'>symmetria,</span> <span class='ocrx_word' id='word_1_199' title='bbox 925 2540 1007 2598; x_wconf 74' lang='lat' dir='ltr'>ciuus</span> <span class='ocrx_word' id='word_1_200' title='bbox 1025 2540 1116 2599; x_wconf 88' lang='lat' dir='ltr'>ratio·</span> <span class='ocrx_word' id='word_1_201' title='bbox 1135 2546 1149 2600; x_wconf 92' lang='grc' dir='ltr'>Ι</span> 
     </span>
     <span class='ocr_line' id='line_1_28' title="bbox 105 2627 1117 2707; baseline -0.002 -19"><span class='ocrx_word' id='word_1_202' title='bbox 105 2649 174 2689; x_wconf 87' lang='lat' dir='ltr'>nem</span> <span class='ocrx_word' id='word_1_203' title='bbox 206 2630 432 2707; x_wconf 87' lang='lat' dir='ltr'>diligentissime</span> <span class='ocrx_word' id='word_1_204' title='bbox 464 2629 619 2688; x_wconf 88' lang='lat' dir='ltr'>architecti</span> <span class='ocrx_word' id='word_1_205' title='bbox 650 2632 750 2688; x_wconf 87' lang='lat' dir='ltr'>tenere</span> <span class='ocrx_word' id='word_1_206' title='bbox 782 2627 896 2688; x_wconf 88' lang='lat' dir='ltr'>debent.</span> <span class='ocrx_word' id='word_1_207' title='bbox 950 2646 985 2686; x_wconf 91' lang='lat' dir='ltr'>ea</span> <span class='ocrx_word' id='word_1_208' title='bbox 1017 2632 1117 2687; x_wconf 87' lang='lat' dir='ltr'>autem</span> 
     </span>
     <span class='ocr_line' id='line_1_29' title="bbox 104 2717 1117 2795; baseline -0.001 -18"><span class='ocrx_word' id='word_1_209' title='bbox 104 2720 223 2795; x_wconf 88' lang='lat' dir='ltr'>paritur</span> <span class='ocrx_word' id='word_1_210' title='bbox 245 2737 263 2776; x_wconf 94' lang='lat' dir='ltr'>a</span> <span class='ocrx_word' id='word_1_211' title='bbox 280 2720 481 2794; x_wconf 86' lang='lat' dir='ltr'>proportione,</span> <span class='ocrx_word' id='word_1_212' title='bbox 505 2737 581 2794; x_wconf 88' lang='lat' dir='ltr'>quae</span> <span class='ocrx_word' id='word_1_213' title='bbox 599 2737 704 2795; x_wconf 75' lang='lat' dir='ltr'>graeoe</span> <span class='ocrx_word' id='word_1_214' title='bbox 723 2717 879 2789; x_wconf 82' lang='grc' dir='ltr'>αναλογια</span> <span class='ocrx_word' id='word_1_215' title='bbox 897 2717 1014 2776; x_wconf 89' lang='lat' dir='ltr'>dicitur.</span> <span class='ocrx_word' id='word_1_216' title='bbox 1050 2737 1117 2793; x_wconf 90' lang='lat' dir='ltr'>pro-</span> 
     </span>
     <span class='ocr_line' id='line_1_30' title="bbox 104 2807 1117 2884; baseline -0.002 -17"><span class='ocrx_word' id='word_1_217' title='bbox 104 2808 204 2884; x_wconf 87' lang='lat' dir='ltr'>portio</span> <span class='ocrx_word' id='word_1_218' title='bbox 229 2810 273 2867; x_wconf 89' lang='lat' dir='ltr'>cst</span> <span class='ocrx_word' id='word_1_219' title='bbox 295 2809 379 2866; x_wconf 87' lang='lat' dir='ltr'>ratae</span> <span class='ocrx_word' id='word_1_220' title='bbox 401 2808 496 2883; x_wconf 85' lang='lat' dir='ltr'>partis</span> <span class='ocrx_word' id='word_1_221' title='bbox 518 2807 717 2866; x_wconf 88' lang='lat' dir='ltr'>membrorum</span> <span class='ocrx_word' id='word_1_222' title='bbox 743 2807 876 2864; x_wconf 91' lang='lat' dir='ltr'>inomni</span> <span class='ocrx_word' id='word_1_223' title='bbox 902 2825 989 2882; x_wconf 91' lang='lat' dir='ltr'>opere</span> <span class='ocrx_word' id='word_1_224' title='bbox 1012 2807 1117 2865; x_wconf 88' lang='lat' dir='ltr'>totius-</span> 
     </span>
    </p>
   </div>
   <div class='ocr_carea' id='block_1_3' title="bbox 101 2992 1119 3217">
    <p class='ocr_par' dir='ltr' id='par_1_11' title="bbox 101 2992 1119 3217">
     <span class='ocr_line' id='line_1_31' title="bbox 177 2992 1119 3062; baseline -0.001 -15"><span class='ocrx_word' id='word_1_225' title='bbox 177 3000 194 3047; x_wconf 88' lang='grc'>4</span> <span class='ocrx_word' id='word_1_226' title='bbox 214 2993 403 3049; x_wconf 89' lang='lat' dir='ltr'>doctrinarum</span> <span class='ocrx_word' id='word_1_227' title='bbox 417 2994 450 3048; x_wconf 87' lang='lat' dir='ltr'><em>H</em></span> <span class='ocrx_word' id='word_1_228' title='bbox 453 2994 519 3048; x_wconf 68' lang='lat'>8⁶13</span> <span class='ocrx_word' id='word_1_229' title='bbox 524 2994 561 3049; x_wconf 73' lang='lat'>6⁶</span> <span class='ocrx_word' id='word_1_230' title='bbox 566 3016 572 3048; x_wconf 88' lang='lat'><strong>:</strong></span> <span class='ocrx_word' id='word_1_231' title='bbox 597 3010 674 3046; x_wconf 92' lang='lat' dir='ltr'>-narn</span> <span class='ocrx_word' id='word_1_232' title='bbox 689 2995 725 3061; x_wconf 76' lang='lat' dir='ltr'>G,</span> <span class='ocrx_word' id='word_1_233' title='bbox 744 3010 792 3046; x_wconf 94' lang='lat' dir='ltr'>-na</span> <span class='ocrx_word' id='word_1_234' title='bbox 807 2994 828 3048; x_wconf 82' lang='lat' dir='ltr'><strong><em>S</em></strong></span> <span class='ocrx_word' id='word_1_235' title='bbox 844 2995 903 3062; x_wconf 76' lang='lat' dir='ltr'>(ubi</span> <span class='ocrx_word' id='word_1_236' title='bbox 920 2998 952 3046; x_wconf 79' lang='lat' dir='ltr'>ru</span> <span class='ocrx_word' id='word_1_237' title='bbox 971 2996 1003 3047; x_wconf 81' lang='lat' dir='ltr'>ia</span> <span class='ocrx_word' id='word_1_238' title='bbox 1016 3009 1070 3047; x_wconf 83' lang='lat' dir='ltr'>roa.</span> <span class='ocrx_word' id='word_1_239' title='bbox 1086 2992 1119 3046; x_wconf 82' lang='lat' dir='ltr'>S⁰</span> 
     </span>
     <span class='ocr_line' id='line_1_32' title="bbox 101 3063 1117 3146; baseline -0.006 -25"><span class='ocrx_word' id='word_1_240' title='bbox 101 3083 155 3136; x_wconf 83' lang='lat' dir='ltr'>pro</span> <span class='ocrx_word' id='word_1_241' title='bbox 174 3067 212 3137; x_wconf 86' lang='lat' dir='ltr'>p).</span> <span class='ocrx_word' id='word_1_242' title='bbox 240 3067 249 3135; x_wconf 87' lang='grc' dir='ltr'>ΙΙ</span> <span class='ocrx_word' id='word_1_243' title='bbox 278 3071 310 3119; x_wconf 79' lang='grc'>15</span> <span class='ocrx_word' id='word_1_244' title='bbox 328 3064 494 3146; x_wconf 79' lang='lat' dir='ltr'>partitione:</span> <span class='ocrx_word' id='word_1_245' title='bbox 515 3065 662 3134; x_wconf 88' lang='lat' dir='ltr'>paratione</span> <span class='ocrx_word' id='word_1_246' title='bbox 677 3065 703 3120; x_wconf 79' lang='lat' dir='ltr'>S.</span> <span class='ocrx_word' id='word_1_247' title='bbox 732 3068 741 3134; x_wconf 72' lang='lat' dir='ltr'>ll</span> <span class='ocrx_word' id='word_1_248' title='bbox 770 3070 802 3118; x_wconf 78' lang='lat'>17</span> <span class='ocrx_word' id='word_1_249' title='bbox 821 3064 889 3118; x_wconf 89' lang='lat' dir='ltr'>locis</span> <span class='ocrx_word' id='word_1_250' title='bbox 908 3083 935 3118; x_wconf 77' lang='lat' dir='ltr'>a.</span> <span class='ocrx_word' id='word_1_251' title='bbox 962 3065 965 3133; x_wconf 91' lang='grc' dir='ltr'>Ι</span> <span class='ocrx_word' id='word_1_252' title='bbox 991 3063 1117 3144; x_wconf 82' lang='lat' dir='ltr'>salubres</span> 
     </span>
     <span class='ocr_line' id='line_1_33' title="bbox 105 3133 1114 3217; baseline -0.006 -25"><span class='ocrx_word' id='word_1_253' title='bbox 105 3136 215 3192; x_wconf 83' lang='lat' dir='ltr'><strong><em>HEG:</em></strong></span> <span class='ocrx_word' id='word_1_254' title='bbox 244 3136 406 3192; x_wconf 80' lang='lat' dir='ltr'>salubrrsS</span> <span class='ocrx_word' id='word_1_255' title='bbox 432 3139 490 3205; x_wconf 81' lang='lat' dir='ltr'>(ubi</span> <span class='ocrx_word' id='word_1_256' title='bbox 516 3152 603 3206; x_wconf 82' lang='lat' dir='ltr'>supro</span> <span class='ocrx_word' id='word_1_257' title='bbox 621 3134 653 3190; x_wconf 68' lang='grc' dir='ltr'>δ’</span> <span class='ocrx_word' id='word_1_258' title='bbox 679 3135 726 3189; x_wconf 81' lang='lat' dir='ltr'>vel</span> <span class='ocrx_word' id='word_1_259' title='bbox 753 3135 806 3189; x_wconf 85' lang='lat' dir='ltr'>bus</span> <span class='ocrx_word' id='word_1_260' title='bbox 828 3138 846 3190; x_wconf 83' lang='lat' dir='ltr'>c&#39;.</span> <span class='ocrx_word' id='word_1_261' title='bbox 866 3153 887 3190; x_wconf 91' lang='lat' dir='ltr'>e.</span> <span class='ocrx_word' id='word_1_262' title='bbox 911 3134 1088 3217; x_wconf 78' lang='lat' dir='ltr'>salubribus).</span> <span class='ocrx_word' id='word_1_263' title='bbox 1111 3133 1114 3204; x_wconf 71' lang='lat' dir='ltr'>l</span> 
     </span>
    </p>
   </div>
   <div class='ocr_carea' id='block_1_4' title="bbox 104 3221 1117 3601">
    <p class='ocr_par' dir='ltr' id='par_1_12' title="bbox 104 3221 1117 3601">
     <span class='ocr_line' id='line_1_34' title="bbox 105 3221 1115 3308; baseline -0.002 -30"><span class='ocrx_word' id='word_1_264' title='bbox 105 3223 396 3292; x_wconf 76' lang='lat' dir='ltr'>ratiotinationibusq,</span> <span class='ocrx_word' id='word_1_265' title='bbox 406 3224 428 3279; x_wconf 82' lang='lat' dir='ltr'><strong><em>S</em></strong></span> <span class='ocrx_word' id='word_1_266' title='bbox 438 3227 494 3293; x_wconf 83' lang='lat' dir='ltr'>(aed</span> <span class='ocrx_word' id='word_1_267' title='bbox 507 3229 537 3292; x_wconf 71' lang='lat' dir='ltr'>(p</span> <span class='ocrx_word' id='word_1_268' title='bbox 548 3225 598 3279; x_wconf 81' lang='lat' dir='ltr'>olel.</span> <span class='ocrx_word' id='word_1_269' title='bbox 610 3223 660 3293; x_wconf 69' lang='grc' dir='ltr'>θ’),</span> <span class='ocrx_word' id='word_1_270' title='bbox 675 3226 684 3293; x_wconf 86' lang='grc' dir='ltr'>ΙΙ</span> <span class='ocrx_word' id='word_1_271' title='bbox 699 3229 732 3277; x_wconf 90' lang='grc'>18</span> <span class='ocrx_word' id='word_1_272' title='bbox 747 3223 805 3277; x_wconf 89' lang='lat' dir='ltr'>sint</span> <span class='ocrx_word' id='word_1_273' title='bbox 818 3225 884 3308; x_wconf 57' lang='grc'>1111</span> <span class='ocrx_word' id='word_1_274' title='bbox 889 3223 927 3278; x_wconf 77' lang='lat' dir='ltr'>G:</span> <span class='ocrx_word' id='word_1_275' title='bbox 942 3226 1008 3277; x_wconf 88' lang='lat' dir='ltr'>sunt</span> <span class='ocrx_word' id='word_1_276' title='bbox 1021 3224 1056 3293; x_wconf 81' lang='lat' dir='ltr'>(l&#39;)</span> <span class='ocrx_word' id='word_1_277' title='bbox 1070 3221 1097 3276; x_wconf 82' lang='lat' dir='ltr'>S.</span> <span class='ocrx_word' id='word_1_278' title='bbox 1111 3222 1115 3294; x_wconf 81' lang='grc' dir='ltr'>Ι</span> 
     </span>
     <span class='ocr_line' id='line_1_35' title="bbox 105 3311 1117 3384; baseline -0.002 -18"><span class='ocrx_word' id='word_1_279' title='bbox 105 3313 268 3384; x_wconf 86' lang='lat' dir='ltr'>regionibus</span> <span class='ocrx_word' id='word_1_280' title='bbox 283 3315 346 3368; x_wconf 78' lang='lat' dir='ltr'>add.</span> <span class='ocrx_word' id='word_1_281' title='bbox 356 3315 413 3368; x_wconf 87' lang='lat' dir='ltr'>Joc.</span> <span class='ocrx_word' id='word_1_282' title='bbox 429 3315 438 3383; x_wconf 75' lang='grc' dir='ltr'>ΙΙ</span> <span class='ocrx_word' id='word_1_283' title='bbox 453 3319 485 3367; x_wconf 82' lang='grc'>19</span> <span class='ocrx_word' id='word_1_284' title='bbox 496 3312 605 3383; x_wconf 86' lang='lat' dir='ltr'>spirant</span> <span class='ocrx_word' id='word_1_285' title='bbox 613 3330 640 3367; x_wconf 80' lang='lat' dir='ltr'>x.</span> <span class='ocrx_word' id='word_1_286' title='bbox 658 3313 662 3383; x_wconf 72' lang='lat' dir='ltr'>l</span> <span class='ocrx_word' id='word_1_287' title='bbox 678 3311 870 3382; x_wconf 87' lang='lat' dir='ltr'>grammaticis</span> <span class='ocrx_word' id='word_1_288' title='bbox 880 3330 907 3366; x_wconf 80' lang='lat' dir='ltr'>a.</span> <span class='ocrx_word' id='word_1_289' title='bbox 921 3313 931 3381; x_wconf 79' lang='grc' dir='ltr'>ΙΙ</span> <span class='ocrx_word' id='word_1_290' title='bbox 945 3318 978 3365; x_wconf 82' lang='lat'>25</span> <span class='ocrx_word' id='word_1_291' title='bbox 989 3312 1117 3381; x_wconf 85' lang='lat' dir='ltr'>oporteat</span> 
     </span>
     <span class='ocr_line' id='line_1_36' title="bbox 104 3381 1114 3454; baseline -0.003 -14"><span class='ocrx_word' id='word_1_292' title='bbox 104 3403 133 3440; x_wconf 50' lang='lat' dir='ltr'>aa</span> <span class='ocrx_word' id='word_1_293' title='bbox 157 3388 166 3454; x_wconf 86' lang='grc' dir='ltr'>ΙΙ</span> <span class='ocrx_word' id='word_1_294' title='bbox 189 3390 223 3438; x_wconf 77' lang='lat'>27</span> <span class='ocrx_word' id='word_1_295' title='bbox 243 3384 332 3439; x_wconf 89' lang='lat' dir='ltr'>teneri</span> <span class='ocrx_word' id='word_1_296' title='bbox 347 3384 392 3439; x_wconf 51' lang='lat' dir='ltr'>H.¹</span> <span class='ocrx_word' id='word_1_297' title='bbox 408 3386 418 3454; x_wconf 87' lang='grc' dir='ltr'>ΙΙ</span> <span class='ocrx_word' id='word_1_298' title='bbox 442 3390 475 3438; x_wconf 79' lang='lat'>28</span> <span class='ocrx_word' id='word_1_299' title='bbox 494 3383 621 3453; x_wconf 87' lang='lat' dir='ltr'>paritura</span> <span class='ocrx_word' id='word_1_300' title='bbox 640 3385 786 3453; x_wconf 90' lang='lat' dir='ltr'>(paratura</span> <span class='ocrx_word' id='word_1_301' title='bbox 800 3384 842 3453; x_wconf 84' lang='lat' dir='ltr'>E)</span> <span class='ocrx_word' id='word_1_302' title='bbox 865 3382 1043 3453; x_wconf 87' lang='lat' dir='ltr'>proportione</span> <span class='ocrx_word' id='word_1_303' title='bbox 1061 3400 1088 3437; x_wconf 76' lang='lat' dir='ltr'>a.</span> <span class='ocrx_word' id='word_1_304' title='bbox 1110 3381 1114 3454; x_wconf 76' lang='lat' dir='ltr'>l</span> 
     </span>
     <span class='ocr_line' id='line_1_37' title="bbox 106 3454 1116 3528; baseline -0.004 -18"><span class='ocrx_word' id='word_1_305' title='bbox 106 3455 240 3526; x_wconf 87' lang='lat' dir='ltr'>analogia</span> <span class='ocrx_word' id='word_1_306' title='bbox 254 3456 288 3510; x_wconf 89' lang='lat' dir='ltr'><strong><em>H</em></strong></span> <span class='ocrx_word' id='word_1_307' title='bbox 290 3455 365 3524; x_wconf 76' lang='lat' dir='ltr'>E(S⁶</span> <span class='ocrx_word' id='word_1_308' title='bbox 372 3456 430 3524; x_wconf 51' lang='grc' dir='ltr'>(ἴθι</span> <span class='ocrx_word' id='word_1_309' title='bbox 446 3454 515 3509; x_wconf 92' lang='lat' dir='ltr'>-loia</span> <span class='ocrx_word' id='word_1_310' title='bbox 532 3456 589 3511; x_wconf 83' lang='lat' dir='ltr'>GS.</span> <span class='ocrx_word' id='word_1_311' title='bbox 604 3457 613 3525; x_wconf 91' lang='lat' dir='ltr'>l</span> <span class='ocrx_word' id='word_1_312' title='bbox 628 3460 661 3508; x_wconf 80' lang='lat'>29</span> <span class='ocrx_word' id='word_1_313' title='bbox 676 3456 720 3508; x_wconf 90' lang='lat' dir='ltr'>est</span> <span class='ocrx_word' id='word_1_314' title='bbox 732 3457 812 3509; x_wconf 90' lang='lat' dir='ltr'>ratae</span> <span class='ocrx_word' id='word_1_315' title='bbox 827 3456 878 3528; x_wconf 71' lang='lat' dir='ltr'>(tq</span> <span class='ocrx_word' id='word_1_316' title='bbox 893 3454 926 3523; x_wconf 81' lang='lat' dir='ltr'>S)</span> <span class='ocrx_word' id='word_1_317' title='bbox 941 3454 1009 3510; x_wconf 84' lang='lat' dir='ltr'>HS:</span> <span class='ocrx_word' id='word_1_318' title='bbox 1029 3455 1116 3508; x_wconf 88' lang='lat' dir='ltr'>strate</span> 
     </span>
     <span class='ocr_line' id='line_1_38' title="bbox 106 3526 494 3601; baseline -0.008 -18"><span class='ocrx_word' id='word_1_319' title='bbox 106 3529 159 3601; x_wconf 58' lang='lat' dir='ltr'>(tp</span> <span class='ocrx_word' id='word_1_320' title='bbox 176 3527 295 3598; x_wconf 65' lang='grc'>0)]19.</span> <span class='ocrx_word' id='word_1_321' title='bbox 313 3526 317 3598; x_wconf 90' lang='grc' dir='ltr'>Ι</span> <span class='ocrx_word' id='word_1_322' title='bbox 332 3529 448 3594; x_wconf 81' lang='lat' dir='ltr'>totaque</span> <span class='ocrx_word' id='word_1_323' title='bbox 466 3545 494 3581; x_wconf 75' lang='lat' dir='ltr'>a.</span> 
     </span>
    </p>
   </div>
   <div class='ocr_carea' id='block_1_5' title="bbox 0 0 1215 3922">
    <p class='ocr_par' dir='ltr' id='par_1_13' title="bbox 0 0 1215 3922">
     <span class='ocr_line' id='line_1_39' title="bbox 0 0 1215 3922; baseline 0 0"><span class='ocrx_word' id='word_1_324' title='bbox 0 0 1215 3922; x_wconf 95' lang='lat' dir='ltr'> </span> 
     </span>
    </p>
   </div>
  </div>
 </body>
</html>
