2430 3922
120 190 185 255 300
444 189 482 243 M.
503 188 584 243 CETI
601 188 802 244 FAVENTINI

119 342 325 417 paraetonium
344 359 378 399 ex
395 341 461 416 ipso
479 340 544 398 loco
554 339 632 398 unde
649 339 765 398 foditur
776 339 867 398 habet
881 357 996 397 nomen.
1031 338 1134 397 eadem

120 432 234 490 ratione
253 432 283 488 et
303 429 453 502 melinum,
477 428 556 504 quod
574 429 637 486 eius
655 428 810 486 metallum
826 447 882 503 per
898 429 1013 486 insulas
1033 428 1132 504 cycla-

120 518 172 577 das
200 519 277 576 Melo
310 518 426 576 dicitur.
477 519 557 575 creta
583 517 687 576 viridis
718 516 854 592 pluribus
886 517 959 575 locis
989 517 1133 591 nascitur,

119 606 171 666 sed
194 607 307 682 optima
329 609 409 665 creta
429 605 571 681 Smyrnae
591 608 709 663 tantum
726 608 908 681 procreatur,
930 624 1008 681 quae
1027 623 1132 682 graece

120 686 311 776 Oeolborerov
334 695 444 754 dicitur
462 714 480 752 a
498 694 650 752 Theodoto
670 695 799 769 quodam
821 696 853 752 in
876 695 960 752 cuius
983 694 1047 753 solo
1070 694 1193 770 pri-su)

119 803 200 841 mum
224 786 268 842 est
289 785 419 843 inventa.
457 784 715 860 auripigmentum,
739 783 819 859 quod
841 799 1009 856 upcevumv
1028 801 1133 860 graece

120 872 296 948 appellatur,
327 874 359 930 in
385 872 482 930 Ponto
514 873 654 930 nascitur.
704 871 866 930 sandaraca
893 871 1031 947 plurimis
1059 872 1132 930 locis

119 964 285 1038 generatur,
308 960 359 1020 sed
382 962 496 1035 optima
517 962 549 1017 in
566 959 662 1019 Ponto
686 963 716 1018 et
738 962 821 1018 iuxta
843 960 954 1019 flumen
971 959 1133 1036 Hypanim.

119 1051 205 1108 minii
231 1052 331 1108 autem
357 1053 466 1108 natura
491 1050 621 1125 primum
648 1067 666 1106 a
694 1048 813 1108 Graecis
839 1049 1039 1125 Ephesiorum
1068 1049 1133 1108 solo

119 1141 237 1214 reperta
262 1129 461 1220 memoraltur,
488 1137 626 1213 deinceps
653 1139 685 1195 in
706 1138 862 1213 Hispania.
908 1139 990 1196 cuius
1018 1140 1199 1198 naturane>

61 1288 64 1294 ,
118 1227 172 1286 has
200 1227 410 1286 admirationes
436 1226 535 1285 habet.
585 1226 688 1304 glebae
715 1228 818 1302 itaque
846 1244 913 1284 eum
942 1245 977 1285 ax
1000 1227 1133 1286 metallis

119 1317 248 1390 primum
276 1316 458 1390 exciduntur,
486 1317 602 1391 argenti
623 1316 686 1374 vivi
714 1318 815 1392 guttas
845 1317 1029 1391 exprimunt,
1057 1333 1132 1391 quas

120 1405 246 1464 artifices
271 1404 308 1462 ad
329 1405 429 1480 plures
456 1422 526 1462 usus
550 1404 704 1481 colligrmt.
748 1422 844 1479 neque
868 1404 947 1462 enim
975 1407 1134 1481 argentum

119 1513 214 1570 neque
238 1512 287 1552 aes
307 1494 370 1551 sine
387 1493 434 1551 his
452 1493 585 1551 inaurari
601 1495 709 1568 potest.
744 1512 814 1551 nam
832 1493 972 1551 confusae
989 1493 1023 1550 in
1041 1512 1135 1550 unum

119 1583 164 1640 ita
191 1585 226 1640 ut
249 1584 393 1657 quattuor
415 1581 610 1640 sextariorum
630 1577 634 1659 Ι
654 1599 824 1640 mensuram
845 1580 989 1656 habeant,
1013 1584 1202 1641 centumuiri

119 1670 263 1728 librarum
284 1670 399 1745 pondus
424 1669 561 1729 efficient.
606 1689 696 1747 supra
718 1672 801 1729 cuius
824 1671 972 1746 liquorem
995 1673 1133 1729 centena·

120 1760 198 1815 rium
221 1759 284 1818 saxi
306 1757 421 1833 pondus
444 1759 470 1816 si
491 1761 640 1834 posueris,
663 1751 842 1841 sustilnebit,
870 1759 1038 1834 scripulum
1065 1760 1189 1823 auriam

121 1865 208 1922 super
235 1848 261 1905 si
287 1847 435 1921 posueris,
461 1848 494 1904 in
520 1847 635 1923 liquore
662 1847 826 1907 descendet.
871 1849 949 1906 unde
971 1848 1131 1926 intelleges

120 1953 179 1994 non
210 1935 348 2011 ponderis
376 1934 427 1994 sed
458 1939 581 1995 naturae
612 1955 674 1996 esse
705 1937 921 1996 discretionem.
970 1937 1075 2013 itaque
1108 1937 1134 1995 si

31 2039 35 2048 ·
121 2025 235 2083 aurifex
260 2025 367 2100 pannis
395 2023 549 2084 textilibus
576 2025 716 2083 adustum
741 2024 810 2084 rudi
830 2044 902 2085 vaso
928 2024 1016 2082 fictili
1044 2025 1134 2085 solidi
1147 2045 1171 2085 aa

122 2116 187 2172 auri
204 2113 356 2190 pulverem
369 2113 451 2189 prius
469 2114 625 2188 lavaverit,
643 2117 747 2189 postea
760 2115 886 2172 mixtum
901 2117 1025 2190 argento
1043 2107 1046 2196 l
1062 2116 1171 2175 vivos)

120 2204 168 2261 vel
190 2203 222 2260 in
244 2220 342 2278 panno
366 2203 414 2261 vel
435 2202 468 2260 in
490 2203 613 2262 linteolo
637 2203 811 2279 comprimes
836 2205 868 2261 ut
890 2203 991 2278 liquor
1014 2203 1134 2280 argenti

122 2309 275 2367 expressus
299 2295 415 2350 emanet
439 2294 469 2349 et
492 2311 599 2349 aurum
622 2291 750 2350 solidum
772 2293 951 2350 intrinsecus
969 2295 1133 2351 remaneat.

120 2399 225 2438 verum
251 2379 388 2456 probatio
419 2379 505 2437 minii
534 2381 576 2439 sic
604 2381 661 2438 erit
688 2379 880 2440 observanda.
928 2379 961 2438 in
988 2381 1133 2438 lammina

120 2469 215 2526 ferrea
247 2469 385 2527 mittatur
416 2471 446 2526 et
478 2488 566 2544 super
596 2469 697 2545 ignem
727 2473 859 2545 ponatur
888 2468 1007 2528 tamdiu
1040 2469 1132 2528 donec
1146 2487 1171 2529 ss

120 2557 262 2615 lammina
282 2557 425 2616 rubescat.
461 2559 533 2616 tunc
554 2559 717 2616 retractum
738 2559 918 2636 refrigescat.
954 2558 980 2616 si
1003 2559 1133 2617 colorem

121 2663 185 2703 non·
202 2637 382 2726 mutatverit,
404 2646 551 2721 optimum
574 2646 639 2720 erit,
662 2647 687 2706 si
710 2647 882 2722 mutaverit,
899 2647 1042 2706 vitiatum
1066 2648 1183 2709 erit.(1⁰)

121 2735 233 2793 colores
257 2736 356 2792 autem
379 2753 479 2793 omnes
503 2735 591 2793 calcis
609 2736 752 2794 mixtione
771 2737 920 2811 corrumpi
936 2735 1133 2794 manifestum

122 2826 175 2882 est.
225 2823 409 2898 chrysocolla
441 2842 458 2881 a
487 2823 660 2882 Macedonia
691 2825 786 2898 venit,
816 2824 930 2884 foditur
961 2827 1065 2883 autem
1097 2844 1133 2883 ex

120 2911 249 2971 metallis
267 2911 397 2969 aerariis.
435 2913 599 2970 armenium
617 2915 647 2970 et
664 2912 796 2970 indicum
814 2913 852 2971 ab
871 2914 943 2987 ipsis
963 2914 1132 2972 ostenditur
1146 2932 1171 2973 ao

122 3001 229 3076 quibus
256 3001 288 3057 in
314 3000 387 3058 locis
415 3000 555 3059 nascitur.
601 3002 760 3060 atramenti
787 3021 857 3061 vero
885 3003 1061 3077 compositio
1088 3003 1133 3060 sie

122 3091 178 3149 erit
203 3089 398 3164 observanda,
422 3109 498 3165 quae
519 3084 523 3166 l
544 3109 603 3148 non
626 3091 723 3149 solum
746 3090 784 3148 ad
810 3109 899 3150 usum
921 3092 1057 3166 picturae
1080 3110 1131 3148 ne·
1141 3102 1182 3151 (1⁵)

122 3178 248 3237 cessaria
265 3177 385 3238 videtur
407 3179 458 3236 sed
478 3180 569 3237 etiam
588 3179 626 3236 ad
644 3179 807 3238 cotidianas
825 3179 998 3254 scripturas.
1035 3181 1131 3239 lacus·

122 3268 206 3325 culus
230 3285 321 3326 curua
344 3285 460 3325 camera
484 3270 627 3326 struatur.
672 3267 742 3326 huic
768 3268 924 3326 fornacula
947 3269 990 3326 sic
1013 3287 1131 3344 compo·

121 3357 202 3414 nitur
233 3358 269 3413 ut
300 3373 386 3414 nares
417 3358 450 3413 in
484 3356 635 3414 lacusculo
667 3356 776 3414 habeat
807 3375 868 3432 qua
903 3358 1003 3416 fumus
1035 3357 1171 3433 possitus

120 3444 241 3502 intrare.
272 3444 376 3502 taedae
395 3445 427 3502 in
446 3445 548 3502 eadem
565 3446 685 3505 fornace
703 3445 906 3519 incendantur,
925 3463 1014 3521 super
1026 3446 1132 3505 taedas

117 3533 256 3593 ardentes
278 3533 377 3593 resina
399 3533 552 3610 mittatur,
578 3536 613 3591 ut
635 3552 751 3592 omnem
772 3525 897 3615 fulmum
920 3536 950 3592 et
972 3535 1132 3612 fuliginem
1140 3544 1182 3598 (ἢ)
