2416 3922
294 933 355 1003 Ad
383 933 616 1004 Ferentinum
643 938 723 1002 uoto
750 930 846 1002 baec:

135 1085 281 1154 Epitornae
308 1091 412 1140 tenturu
438 1086 504 1140 obini
530 1102 564 1139 en
590 1086 679 1139 tribus
701 1085 838 1139 codicibus
860 1100 927 1138 saec.
948 1085 980 1138 X
996 1103 1014 1138 a
1037 1103 1076 1140 me

63 1158 170 1212 collatis
191 1157 294 1210 editum
315 1157 475 1226 sinpliciter
496 1173 570 1210 nunc
591 1162 696 1224 repeto,
719 1157 828 1210 rnrniue
850 1161 959 1210 tanturn
981 1157 1077 1212 addito

64 1229 200 1294 auctoris,
227 1244 305 1297 quern
331 1228 363 1280 iu
385 1229 508 1297 catabopo
530 1227 667 1296 Anpicnsi
691 1229 728 1294 (et
750 1227 858 1281 soeculo
879 1229 964 1293 nouo)
988 1229 1075 1282 tradi-

64 1306 122 1354 turo
147 1315 180 1353 eu
207 1299 356 1367 exemplari
377 1301 497 1353 restituit
518 1299 544 1352 J.
565 1299 672 1366 Haupt.
710 1298 799 1352 Iibebbo
824 1299 881 1351 mon
905 1314 924 1350 a
947 1297 1077 1352 Palladio

67 1511 209 1564 breviatus
232 1510 316 1578 liber,
339 1519 463 1567 seruatur
485 1513 567 1566 etiarn
588 1513 620 1565 in
642 1513 760 1566 editione
783 1512 821 1565 ad
843 1512 934 1580 ipsun
956 1510 1079 1567 Vitruoii

66 1588 167 1637 tectum
193 1589 247 1637 toto
273 1590 362 1637 tenore
387 1584 547 1653 interpolati
571 1583 672 1641 codicis
696 1581 905 1649 Scletstatensis,
932 1599 1013 1651 quant
1040 1584 1078 1637 ad

64 1654 152 1707 unite
166 1655 305 1722 exemptor
319 1655 398 1722 quate
415 1655 508 1722 fuerat
521 1654 735 1726 Satisburpense,
751 1670 805 1708 sua
817 1653 871 1708 sibi
885 1669 978 1722 opera,
996 1670 1078 1723 worn

65 1731 155 1778 tanuen
168 1726 205 1778 ad
223 1725 304 1791 finem
321 1742 378 1779 non
392 1726 534 1794 perducit,
553 1726 648 1780 doctus
666 1726 778 1794 puidam
796 1725 943 1779 monucbus
961 1725 1078 1792 confecit

65 1810 134 1846 saec.
154 1795 195 1859 X,
221 1812 278 1848 non
303 1796 391 1850 solum
414 1797 584 1865 explanandi
607 1797 720 1852 consitio
742 1802 767 1850 et
790 1796 959 1867 corripeudi,
985 1812 1078 1851 oerum

65 1864 147 1917 etiarn
168 1865 324 1931 supplendi.
360 1867 400 1919 sic
417 1869 505 1920 eodem
523 1869 630 1921 saeculo
648 1874 745 1921 auctor
762 1867 862 1921 codicis
883 1866 1010 1921 Gudioui
1028 1867 1078 1936 (E)

65 1935 209 2001 epitomum
238 1933 389 1988 Fauentini
412 1937 519 2003 pannis
547 1937 720 1992 Vitruvianis
747 1939 860 2007 turpiter
886 1939 986 1992 assutis
1013 1954 1077 2007 sup-

61 2005 155 2073 pteoit.
185 2010 264 2074 atque
274 2010 370 2073 postea
383 2008 465 2059 etiarn
482 2007 561 2061 nouis
578 2008 709 2075 capitulis
727 2007 831 2061 additis
848 2014 874 2062 et
889 2009 998 2075 clunis,
1014 2009 1078 2076 ipsa

65 2091 169 2144 quoque
187 2076 219 2129 iu
236 2077 353 2146 sinpuiis
371 2076 486 2147 subinde
500 2082 607 2131 mutata
625 2077 748 2131 lectionis
760 2077 854 2145 specie,
871 2094 944 2133 noua
959 2081 1078 2133 recensio

65 2146 196 2215 epitomae
205 2148 374 2213 conformata
383 2153 430 2214 est,
444 2165 513 2217 quae
526 2149 620 2203 nubtis
633 2149 740 2202 succubo
750 2147 819 2201 XII
823 2154 849 2202 et
858 2148 944 2202 XIII
948 2150 1078 2217 coemptis

65 2219 204 2282 sciebatne
218 2218 262 2287 (cf.
273 2218 363 2286 praef.
378 2219 418 2272 ed.
433 2220 498 2272 ruai.
509 2236 539 2287 p.
554 2233 600 2273 11:
614 2218 688 2273 oddo
700 2235 776 2272 nnnc
794 2219 851 2272 cod.
866 2219 997 2273 Loudun.
1013 2223 1076 2274 403.

66 2290 112 2343 sed
134 2289 208 2358 quod
234 2290 267 2343 de
289 2287 473 2344 Laudunensi
494 2293 582 2344 426&
603 2289 730 2344 Palladii
752 2305 820 2344 saec.
845 2289 898 2342 IX
920 2307 998 2358 quern
1020 2292 1078 2358 ipse

65 2361 125 2413 uidi
143 2377 177 2414 en
191 2377 285 2429 propr.
303 2376 353 2414 suo
377 2361 447 2414 anui
465 2363 540 2415 1879
557 2361 655 2429 repetit
673 2361 703 2414 J.
719 2359 747 2414 0.
762 2359 875 2415 Sebinitt
894 2361 926 2414 in
944 2363 984 2414 ed.
1004 2361 1077 2416 Pati.

67 2434 142 2484 1898
160 2449 191 2500 p.
215 2442 262 2489 rte,
284 2431 334 2485 boc
355 2431 440 2485 nobili
461 2434 509 2501 est)
532 2447 647 2501 wion
668 2433 789 2486 oninium
814 2431 921 2500 quidem
946 2433 1079 2500 codicum,

66 2503 115 2569 qui
139 2508 188 2556 aut
210 2508 313 2556 teuturn
336 2503 496 2571 sinpliciter
513 2509 638 2572 repetunt
655 2509 705 2557 aut
722 2503 789 2557 certi
808 2502 952 2557 cuiusdam
969 2505 1079 2558 cnuibii

68 2573 186 2626 arbitrio
208 2573 386 2627 intercedente
408 2580 587 2640 commutant,
608 2576 681 2627 inter
702 2589 729 2627 se
752 2574 876 2628 tectiorus
893 2575 1078 2644 comparando

67 2644 239 2712 separandae
256 2649 330 2711 sunt,
347 2660 404 2698 non
416 2645 632 2711 confundendae.
660 2650 741 2713 atque
754 2649 857 2699 ternu
875 2645 987 2700 editoris
1000 2646 1077 2700 Ano·

66 2716 144 2783 uprai
158 2714 354 2769 Scletstutensis
368 2717 416 2784 qui
430 2716 584 2784 antiquiore
593 2716 738 2784 paulisper
750 2721 776 2770 et
789 2717 897 2769 saniore
910 2717 1000 2770 codice
1011 2733 1079 2772 usus

68 2786 174 2853 fuerat,
196 2787 333 2841 erroribus
355 2787 518 2854 quibuisdam
541 2787 600 2841 suis
623 2803 657 2840 eoo
678 2788 744 2840 meis
767 2787 906 2841 codicibus
926 2793 1078 2858 purpatnm

68 2873 157 2923 nuper
174 2859 261 2912 edidit
275 2856 357 2911 Frid.
373 2855 472 2911 Krobn
485 2856 604 2926 (Quaest.
619 2857 724 2912 Vitruo.
735 2857 836 2926 partic.
851 2858 876 2910 Ι.
894 2857 970 2911 Diss.
985 2859 1076 2913 Berob.

68 2930 163 2994 1896),
183 2944 228 2997 epo
247 2929 336 2996 ipsius
353 2929 453 2982 iterum
469 2930 600 2997 epitomae
617 2934 721 2984 tentum
735 2934 891 2997 corruptum
907 2929 1014 2997 quiden
1031 2931 1079 2984 sed

66 2998 200 3051 traditum
217 3000 350 3066 praebui,
371 3000 413 3054 ita
435 3005 526 3053 tamen
546 3005 579 3054 ut
600 3016 669 3068 quoe
687 2999 793 3067 perditi
815 2999 892 3052 iilius
910 2999 1011 3053 codicis
1028 3016 1078 3067 ope

67 3069 203 3122 mutando
219 3071 391 3136 videbantur,
409 3071 446 3123 ad
463 3071 544 3138 baem
561 3071 708 3125 columniis
725 3076 853 3124 notarem.
873 3100 907 3108 —
925 3070 1008 3125 Addo
1025 3071 1078 3137 bic,

67 3139 139 3206 quod
153 3137 179 3193 S.
192 3139 224 3193 G.
239 3141 271 3194 de
286 3142 363 3196 Vries
376 3139 506 3195 Leidensi
518 3142 607 3208 debeo,
619 3143 702 3196 etiam
714 3142 799 3195 solius
813 3140 934 3195 Vitruoii
947 3142 1077 3210 capitulis

66 3212 651 3336 ibtbtbbtbstbbdentbb
665 3213 825 3336 sssbbbbum
839 3209 1077 3338 bittunt·

72 3350 145 3405 Voss.
165 3351 212 3418 fot.
232 3355 268 3406 93
292 3353 488 3423 (tid-68⁶2)
511 3370 578 3409 saec.
598 3355 688 3410 XIII.

137 3423 219 3492 adp.
239 3428 325 3491 estut
343 3422 434 3478 Pollio
456 3425 492 3492 fr.
516 3425 598 3480 Viud.
627 3428 636 3495 ΙΙ
663 3430 680 3478 4
699 3423 828 3480 ordinare
847 3425 892 3494 (cf.
907 3443 936 3494 p.
953 3428 1015 3493 311,
1028 3427 1076 3494 26)

119 3539 223 3580 ἵππων.
238 3540 265 3580 de
282 3540 399 3580 architect.
415 3540 449 3580 cd.
464 3540 544 3582 Rosa.
870 3535 911 3581 Ὦ
