2416 3922
345 148 393 203 DE
412 147 692 204 ARCHITECTURA
709 151 775 206 LIB.
793 151 840 219 III,
860 157 875 203 3
1073 152 1114 214 71

102 302 166 360 sive
189 300 339 376 hexastyli
361 299 423 359 sive
446 300 586 376 octastyli
608 319 669 358 una
691 319 760 377 pars
784 304 919 360 sumatur
941 320 1034 377 eaque
1060 302 1116 361 erit

101 389 249 448 modulus.
286 389 368 448 ouius
392 390 505 447 moduli
526 391 613 448 unius
637 390 694 448 erit
716 390 881 449 crassitudo
904 391 1115 449 columnarum.

50 488 93 541 (1⁰)
101 479 330 539 intercolumnia
349 479 476 556 singula,
494 482 613 554 praeter
633 473 636 556 t
657 478 764 554 media,
786 480 972 538 modulorum
991 480 1116 538 duorum

103 571 134 626 et
159 567 274 626 moduli
302 571 426 643 quartae
453 567 557 644 partis.
602 567 740 625 mediana
766 567 799 626 in
825 569 923 627 fronte
947 572 977 627 et
999 569 1114 644 postico

76 657 222 734 asingnla
245 660 363 714 ternum
381 656 576 716 modulorum.
601 656 746 732 ·ipsarum
765 658 968 715 columnarum
986 657 1114 716 altitudo

101 746 290 805 modulorum
317 764 385 804 vnn
413 749 442 804 et
472 745 612 803 dimidiae
639 745 752 804 moduli
783 747 887 821 partis.
937 746 981 804 ita
1014 766 1048 804 ex
1080 765 1115 805 ea

101 834 247 894 divisione
260 834 487 893 intercolumnia
502 833 733 910 altitudinesque
748 836 951 893 columnarum
964 834 1116 893 habebunt

49 933 91 986 (1⁵)
100 922 213 983 iustam
230 923 386 982 rationem.
421 923 508 981 huius
528 925 677 999 exemplar
690 915 811 1004 Rolmae
830 925 944 982 nullam
962 923 1113 999 habemus,
1132 939 1149 986 8

101 1012 153 1072 sed
174 1012 208 1070 in
230 1012 304 1070 Asia
327 1013 386 1070 Teo
409 1013 585 1087 hexastylon
603 1011 703 1070 Liberi
725 1012 832 1071 Patris.

61 1121 87 1160 ro
167 1102 229 1160 Eas
244 1105 344 1159 autem
358 1102 544 1177 symmetrias
559 1101 714 1160 constituit
727 1101 937 1177 Hermogenes
957 1101 1009 1176 qui
1023 1102 1114 1160 etiarn

99 1189 214 1265 primus
239 1190 406 1265 octastylon
428 1189 650 1265 pseudodipteri
676 1189 791 1248 invenit
812 1189 967 1247 rationem.
1013 1209 1047 1248 ex
1070 1191 1113 1248 di-

99 1280 180 1353 pteri
203 1278 282 1337 enirn
305 1279 386 1338 aedis
409 1279 581 1355 symmetria
604 1278 722 1337 distulit
747 1278 902 1336 interiores
926 1278 1042 1337 ordines
1066 1298 1112 1338 oo·

99 1368 271 1425 lumnarum
293 1386 409 1426 xxxvru
432 1386 525 1443 eaque
547 1369 663 1426 ratione
690 1370 824 1443 sumptus
848 1386 1011 1443 operasque
1034 1386 1111 1425 eom-

47 1467 90 1520 (ευ)
101 1446 105 1537 t
116 1456 221 1531 pendii
237 1455 317 1515 fecit.
350 1456 376 1515 is
394 1457 427 1514 in
444 1456 541 1515 medio
561 1456 756 1514 ambulationi
774 1457 977 1514 laxamentum
995 1457 1112 1534 egregie

59 1566 85 1607 15
99 1546 179 1603 cirea
207 1545 313 1603 cellam
339 1546 423 1619 fecit,
451 1545 488 1602 de
512 1548 691 1621 aspectuque
714 1546 789 1603 nihil
811 1545 952 1603 inminuit
975 1546 1026 1604 sed
1049 1545 1112 1604 sine

98 1633 246 1692 desiderio
279 1652 528 1709 supervacuorum
560 1634 746 1693 conservavit
778 1635 987 1694 auctoritatem
1019 1635 1111 1694 totius

98 1723 198 1798 operis
212 1722 428 1781 distributione.
465 1726 647 1799 pteromatos
666 1723 745 1781 enim
762 1723 840 1782 ratio
860 1727 890 1782 et
908 1724 1111 1783 columnarum
1130 1738 1145 1785 9

97 1812 210 1869 circum
233 1812 337 1870 aedem
359 1811 514 1888 dispositio
537 1812 603 1870 ideo
627 1814 672 1871 est
692 1812 814 1871 inventa
837 1816 871 1871 ut
889 1816 1025 1888 aspectus
1044 1832 1111 1888 pro·

47 1909 84 1965 78
96 1903 167 1976 pter
187 1895 191 1978 Ι
211 1900 403 1976 asperitatem
430 1901 723 1959 intercolumniorum
751 1900 861 1960 habeat
893 1903 1110 1978 auctoritatem,

57 1992 254 2072 soprasterea
282 1990 307 2048 si
335 2009 370 2048 ex
396 1989 541 2048 imbribus
569 2008 664 2064 aquae
686 1991 732 2048 vis
756 1991 944 2065 occupaverit
967 1993 997 2048 et
1019 1991 1109 2049 inter·

98 2078 221 2137 cluserit
242 2079 395 2137 hominum
419 2079 655 2152 multitudinem,
681 2082 716 2137 ut
737 2079 847 2138 habeat
869 2079 901 2136 in
924 2080 995 2136 aede
1019 2081 1109 2137 cirea

98 2186 156 2242 que
180 2168 286 2226 cellam
309 2186 375 2225 cum
398 2169 567 2225 laxamento
594 2168 719 2225 liberam
746 2186 868 2225 moram.
913 2168 985 2225 haee
1009 2171 1109 2226 autem

54 2266 86 2318 (5)
96 2256 142 2314 ita
169 2255 355 2331 explicantur
381 2256 413 2314 in
439 2247 685 2337 pseutdodipteris
713 2256 831 2313 aedium
858 2255 1108 2331 dispositionibus.

97 2364 191 2420 quare
217 2344 336 2403 videtur
363 2348 450 2403 acuta
482 2364 649 2422 magnaque
677 2344 809 2403 sollertia
837 2345 956 2402 effeetus
987 2363 1109 2420 operum

54 2453 81 2494 as
95 2434 298 2510 Hermogenes
321 2434 424 2492 fecisse
446 2434 660 2509 reliquisseque
687 2434 783 2491 fontes
807 2432 884 2490 unde
907 2433 1018 2508 posteri
1041 2452 1107 2509 pos-

95 2525 164 2582 sent
186 2522 303 2581 haurire
326 2522 549 2599 disciplinarum
571 2523 710 2581 rationes.

168 2785 184 2832 2
208 2779 402 2834 crassitudinis
426 2783 478 2850 (-es
501 2787 564 2835 ante
587 2797 655 2834 corr.
671 2780 703 2847 S)
722 2797 749 2833 a.
777 2782 787 2848 ΙΙ
815 2786 830 2832 3
854 2779 959 2836 media:
984 2781 1106 2835 mediam

94 2852 136 2921 (a
151 2851 184 2921 S)
200 2851 268 2917 HS,
290 2851 384 2904 mediir
400 2852 433 2906 G.
462 2854 471 2921 tt
498 2851 707 2920 tipsarum—
722 2853 758 2921 (6)
773 2851 949 2905 modulorum
964 2852 1031 2907 HS:
1055 2870 1104 2907 om.

96 2923 130 2978 G.
145 2923 186 2991 dss
205 2923 268 2975 octo
287 2925 347 2992 (pro
360 2926 431 2992 vnn)
454 2925 483 2976 et
502 2921 617 2992 dimidia
640 2921 747 2975 moduli
770 2921 867 2991 partis.
904 2923 950 2976 lta
973 2939 1007 2976 ex
1026 2939 1059 2976 ea
1078 2923 1106 2978 d.

93 2993 113 3048 i.
128 3009 155 3047 a.
170 2991 363 3046 columnarum
378 2994 416 3048 G:
436 3011 486 3048 om.
501 2994 563 3048 HS.
578 2996 588 3062 ΙΙ
602 2999 617 3046 9
631 2993 698 3047 theo
712 3011 739 3047 rc.
757 2995 760 3062 Ι
778 2992 916 3046 exastilon
929 3011 956 3047 sc.
971 2995 980 3062 ΙΙ
995 2999 1028 3046 10
1044 2993 1106 3047 her-

93 3063 222 3134 mogenis
241 3063 263 3118 S
279 3067 350 3133 (nes
369 3065 451 3134 HG).
479 3064 488 3134 Η
517 3070 548 3117 11
571 3063 678 3133 primus
696 3063 764 3119 Ha:
787 3063 893 3133 primus
915 3063 1024 3118 invenit
1043 3064 1077 3118 G.
1097 3064 1102 3145 t

93 3135 267 3204 octastylon:
292 3134 411 3206 exosty(i
424 3136 518 3205 S)lum
537 3135 571 3188 H
573 3135 606 3203 S,
632 3133 753 3189 exastilu
773 3137 806 3190 G.
837 3137 841 3206 t
871 3135 975 3204 speudo
1002 3134 1105 3204 dipteri

92 3223 269 3278 uerationem
279 3224 318 3291 H,
332 3224 437 3293 spendo
453 3223 592 3292 dipteriue
606 3205 765 3292 (diptensue
780 3224 819 3293 80)
833 3223 941 3277 ratione
956 3224 984 3290 S,
997 3224 1104 3292 pseudo

94 3293 343 3365 dipteriueratione
362 3294 626 3365 (dipteriuqratione
642 3295 688 3362 ΘΟ)
705 3295 738 3349 θ,
752 3298 762 3364 d
777 3301 808 3348 12
824 3294 1002 3363 symmetriae
1017 3298 1055 3366 (q
1071 3295 1103 3364 S)

91 3384 120 3421 a.
138 3367 142 3436 Ι
159 3364 272 3419 distulit
286 3366 320 3419 Η
321 3367 353 3421 S:
373 3366 487 3419 sustulit
503 3368 536 3421 G.
556 3369 565 3436 tt
585 3371 617 3420 19
633 3365 739 3419 habeat
755 3367 792 3421 G:
811 3365 896 3420 hab&
911 3366 945 3419 H
947 3365 968 3419 S
982 3364 1104 3435 (haberti

92 3437 138 3507 L).
162 3439 172 3506 ΙΙ
196 3442 229 3489 20
243 3436 375 3490 imbrium
394 3438 435 3506 (-1'1
450 3437 515 3507 GS)
533 3455 560 3492 a.
584 3440 593 3507 ΙΙ
616 3442 650 3489 23
668 3436 722 3491 ita:
742 3440 774 3490 ut
791 3455 818 3492 a.
841 3436 966 3506 tapeudo
986 3436 1104 3506 dipteris

91 3508 120 3565 S.
140 3509 150 3577 ΙΙ
168 3513 201 3560 25
220 3506 397 3578 hermogenis
415 3526 442 3563 s.
