2416 3922
332 161 380 215 DE
398 160 678 216 ARCHITECTURA
695 162 762 217 LIB.
782 162 819 215 IX
1015 162 1077 227 211

66 332 198 390 nemque
231 314 256 372 si
288 331 357 370 xnu
388 311 619 387 constituentur,
652 315 737 371 erunt
768 312 962 388 multiplicati
991 313 1081 388 pedes

15 413 58 465 (ss)
69 419 179 477 cxcv1‚
211 402 237 461 si
259 420 313 476 xv,
340 401 430 478 pedes
453 418 562 460 ccxxv.
608 420 677 477 ergo
705 400 845 476 quoniam
865 396 869 479 l
890 401 921 458 id
948 420 1006 460 non
1034 419 1115 468 eir-5

67 491 200 567 plicatur
226 509 362 565 numero,
389 491 421 548 in
449 508 483 548 eo
512 490 657 565 quadrato
684 490 774 567 longo
802 493 832 548 et
859 490 921 549 lato
948 491 1037 566 pedes
1061 510 1081 548 x

67 578 150 656 quod
177 580 282 652 fuerit,
308 579 389 637 linea
416 579 453 637 ab
481 578 591 656 angulo
614 579 651 637 ad
676 579 817 656 angulum
840 578 993 655 diagonios
1016 599 1081 655 per-

41 668 211 744 sducatur,
242 669 288 726 uti
315 667 487 728 dividantur
513 667 571 727 duo
598 667 718 744 trigona
746 686 841 743 aequa
867 668 1081 745 magnitudine,

68 756 190 834 singula
208 775 295 815 areae
313 756 421 833 pedum
441 757 691 834 quinquagenum,
710 756 747 814 ad
766 756 887 832 eiusque
905 756 1000 815 lineae
1020 758 1081 815 dia-

68 845 187 924 gonslis
209 845 427 923 longitudinem
449 845 532 904 locus
551 845 713 920 quadratus
731 843 852 921 paribus
871 845 1012 904 lateribus
1032 847 1080 905 de-

14 945 59 1000 (sc)
77 934 236 994 scribatur.
265 934 310 993 ita
328 952 418 1009 quem
435 953 544 1011 magna
558 934 615 991 duo
629 934 749 1010 trigona
762 934 794 991 in
807 934 920 993 minore
934 935 1079 1009 quadrato

10 1030 57 1087 214
89 1023 335 1100 quinquagenum
361 1023 470 1098 pedum
497 1022 576 1080 linea
608 1022 746 1099 diagonio
778 1022 890 1080 fuerint
916 1023 1080 1099 designata,

26 1134 54 1172 ro
67 1111 174 1171 eadem
200 1111 405 1189 magnitudine
429 1114 458 1170 et
481 1110 584 1170 eodem
605 1110 714 1186 pedum
737 1129 859 1169 numero
883 1114 1025 1186 quattuor
1047 1112 1079 1169 in

63 1202 180 1260 maiore
212 1203 297 1258 erunt
329 1200 440 1258 effectu.
486 1200 541 1258 hac
572 1199 688 1258 ratione
717 1198 882 1275 duplicatio
910 1200 1078 1276 grammicis

63 1288 233 1348 rationibus
256 1288 293 1346 ab
310 1288 444 1365 Platone,
467 1289 512 1346 uti
535 1289 653 1347 schema
675 1288 874 1363 subscriptum
893 1290 951 1346 erit
969 1288 1000 1346 in
1017 1289 1078 1347 ima

25 1378 189 1456 (⁵)pagina,
212 1368 369 1459 exlplicata
393 1380 445 1436 est.

133 1467 212 1525 Item
234 1466 421 1544 Pythagoras
444 1485 578 1525 normam
601 1465 663 1524 sine
687 1465 808 1524 artificis
830 1464 1076 1525 fabricationibus
1096 1483 1111 1532 6

24 1555 222 1617 minuentem
249 1555 392 1630 ostendit,
422 1557 452 1612 et
480 1555 561 1630 quod
587 1573 695 1631 magno
719 1553 819 1613 labore
842 1554 920 1612 fabri
942 1573 1077 1612 normam

63 1643 210 1704 facientes
236 1644 286 1703 vix
313 1643 350 1702 ad
378 1663 481 1703 verum
507 1643 667 1719 perducere
693 1645 831 1719 possunt,
858 1643 889 1701 id
912 1642 1076 1702 rationibus

64 1735 95 1791 et
132 1732 280 1792 methodis
316 1731 504 1791 emendatum
540 1752 575 1790 ex
611 1731 673 1791 eius
705 1731 870 1808 praeceptis
903 1733 1074 1808 explicatur.

10 1833 53 1884 (1⁰)
63 1840 193 1897 numque
214 1816 218 1899 Ι
239 1821 265 1880 si
283 1824 436 1880 sumantur
449 1821 569 1898 segidae
583 1824 644 1879 tres
659 1840 674 1879 e
690 1821 795 1896 quibus
809 1840 869 1879 una
885 1822 925 1880 sit
936 1822 1026 1896 pedes
1040 1840 1076 1878 111

64 1911 162 1969 altera
189 1910 278 1987 pedes
296 1929 343 1968 1111
369 1910 460 1968 tertia
486 1910 576 1986 pedes
594 1929 623 1984 v,
651 1929 761 1986 eaeque
788 1911 910 1986 regulae
937 1911 1016 1967 inter
1043 1929 1074 1968 se

22 2021 49 2059 so
63 1998 246 2074 compositae
272 2001 400 2075 tangant
427 1999 486 2057 alia
515 1999 604 2057 aliam
627 1999 688 2057 suis
712 1998 912 2057 cacuminibus
936 1998 1074 2058 extremis

63 2089 184 2147 schema
202 2086 343 2147 habentes
361 2087 482 2164 trigoni,
505 2086 711 2146 deformabunt
728 2105 863 2145 normam
881 2087 1076 2145 emendatam.

63 2176 103 2235 ed
122 2194 173 2236 eas
191 2179 291 2235 autem
308 2176 478 2254 regularum
496 2176 680 2252 singularum
697 2175 900 2252 longitudines
919 2177 944 2233 si
958 2175 1075 2251 singula

10 2265 212 2341 [Quadrata
239 2256 370 2348 parilbus
392 2263 534 2323 lateribus
559 2263 774 2338 describantur,
802 2262 881 2338 quod
904 2264 962 2321 erit
984 2263 1075 2321 trium

62 2354 155 2427 latus,
178 2373 263 2413 areae
281 2353 403 2413 habebit
420 2353 510 2430 pedes
528 2372 604 2428 vnn,
623 2353 702 2428 quod
718 2371 774 2428 1111,
793 2370 854 2427 xw,
874 2352 953 2426 quod
970 2370 990 2410 v
1009 2354 1074 2429 erit,

23 2463 49 2503 ss
62 2461 135 2502 xxv.
180 2442 225 2500 ita
252 2445 398 2518 quantum
426 2461 510 2500 areae
537 2442 645 2517 pedum
667 2460 821 2499 numerum
845 2440 904 2498 duo
927 2440 1108 2515 quadratas

63 2550 100 2589 ex
118 2529 216 2590 tribus
233 2530 358 2607 pedibus
375 2531 571 2608 longitudinis
588 2532 716 2589 laterum
732 2532 762 2588 et
776 2532 920 2605 quattuor
934 2529 1074 2607 efficiunt,

63 2639 160 2696 aeque
190 2622 309 2678 tantum
339 2640 496 2679 numerum
527 2619 655 2678 reddidit
685 2639 777 2676 unum
809 2637 844 2676 ex
870 2617 1002 2694 quinque
1025 2619 1074 2677 de·

10 2708 216 2783 [suscriptum
258 2708 289 2766 id
311 2700 507 2790 Pythalgores
531 2727 597 2767 cum
619 2707 789 2782 invenisset,
810 2726 870 2765 non
893 2706 1032 2767 dubitans
1056 2728 1073 2766 a

62 2797 159 2856 Musis
178 2816 208 2857 se
226 2799 259 2856 in
277 2817 312 2856 ee
329 2797 499 2857 inventione
517 2797 672 2871 monitum,
689 2797 832 2856 maximas
851 2794 963 2873 gratias
983 2815 1073 2873 agens

22 2908 49 2948 sc
62 2886 178 2946 hostias
201 2885 312 2946 dicitur
332 2888 379 2946 his
402 2886 608 2946 immolavisse.
655 2904 689 2943 ea
713 2888 812 2944 autem
833 2884 910 2943 ratio
934 2885 1073 2960 quemad·

71 3019 74 3024 ’
135 3019 242 3089 lquod
257 3020 291 3074 H
294 3019 356 3076 GS:
372 3036 426 3089 que
436 3021 471 3074 Ε.
489 3024 493 3087 Ι
510 3018 639 3090 diagonis
652 3036 679 3074 x.
694 3021 703 3088 ΙΙ
717 3024 733 3071 9
748 3017 912 3088 designatae
927 3020 966 3091 (p
976 3018 1072 3086 Eas)

61 3108 90 3146 a.
111 3094 122 3161 11
143 3096 176 3145 12
195 3107 289 3145 scema
306 3108 327 3144 a
347 3093 420 3161 (item
437 3109 461 3146 c.
477 3093 531 3160 12).
562 3092 566 3159 Ι
596 3090 783 3158 subscriptum
806 3091 850 3144 est
867 3091 913 3158 (e.)
931 3087 1073 3158 explicata

61 3160 156 3217 estin
174 3161 231 3216 ime
248 3161 356 3232 pagina
373 3179 401 3216 a.
428 3163 438 3230 l
465 3166 499 3214 15
518 3161 605 3230 quod:
625 3178 710 3230 quam
728 3177 755 3215 x.
782 3162 792 3230 ΙΙ
820 3165 852 3213 19
871 3158 957 3214 tertia
973 3159 1070 3214 EGS:

61 3236 145 3287 tenua
163 3234 203 3288 H.
233 3237 238 3304 Ι
267 3248 373 3301 eaeque
401 3234 499 3306 (epque
519 3231 552 3301 S)
568 3231 634 3287 HS:
663 3231 772 3300 haeque
799 3231 901 3301 (hque
921 3231 957 3299 G)
975 3231 1043 3285 EG.
1061 3230 1072 3302 (Ι

63 3310 96 3359 21
116 3303 339 3431 &trigonipeam
357 3306 423 3374 ras.)
438 3303 499 3358 Hs.
520 3305 529 3373 ΙΙ
547 3309 581 3356 23
601 3303 688 3370 quod:
707 3319 771 3356 cum
789 3248 844 3371 (oid
863 3319 890 3356 oc.
905 3303 962 3371 1126
980 3300 1070 3371 longi-

61 3374 170 3430 tudinis
189 3376 250 3432 Ea
280 3399 287 3430 ε
314 3390 375 3428 -nes
394 3374 432 3429 H.
461 3377 470 3444 11
497 3379 530 3427 27
549 3373 674 3428 reddidit
692 3376 752 3443 (sic)
769 3390 797 3428 a.
827 3375 831 3442 Ι
861 3371 984 3441 quinque
1002 3371 1070 3429 HS:

63 3465 95 3501 .v.
111 3447 179 3502 Ec.
195 3449 252 3516 1128
272 3445 393 3500 amusise
407 3445 447 3514 H,
466 3444 601 3500 amusisse
616 3444 855 3514 resceperunt
873 3459 903 3497 se
917 3443 1071 3516 E⁶G⁰&).ll
1182 3500 1186 3506 ,

62 3523 97 3571 80
115 3516 305 3572 immolavisse
319 3516 354 3571 H
356 3517 429 3574 EG:
447 3517 607 3571 immolasse
622 3517 649 3572 S.

857 3604 910 3658 ll*
