2416 3922
342 160 389 215 DE
408 161 688 217 ARCHITECTURA
705 161 771 216 LIB.
791 161 824 230 X,
844 168 859 215 6
1042 161 1107 226 255

95 311 133 370 de
156 310 247 371 vitice
270 315 349 370 sacta
372 313 487 389 regule,
516 331 592 387 quae
615 316 705 370 uncta
727 312 842 387 liquida
864 313 929 387 pice
951 312 1054 388 figitur
1075 312 1108 371 in

94 400 194 477 primo
222 401 351 459 decussis
378 404 496 475 puncto.
543 401 647 459 deinde
669 401 807 460 traicitur
830 400 948 476 oblique
972 401 1010 458 ad
1031 401 1108 460 inse-

96 491 223 564 quentes
246 489 441 566 longitudinis
465 493 495 548 et
518 490 729 548 circumitionis
749 490 893 564 decussas,
917 490 989 548 item
1008 510 1043 548 ex
1061 509 1106 548 or-

96 578 165 636 dine
194 578 385 654 progrediens
416 578 532 654 singula
561 581 673 653 puncta
702 579 917 653 praetereundo
944 582 974 637 et
997 579 1107 637 circum

47 666 277 729 tellinvolvendo
305 668 475 725 conlocatur
501 668 533 725 in
561 667 685 743 singulis
709 658 983 748 decuslsationibus,
1012 669 1108 726 etita

95 755 234 830 pervenit
263 758 293 813 at
320 754 423 832 figitur
450 756 488 813 ad
515 774 581 814 eam
610 757 719 814 lineam
746 756 884 815 recedens
912 775 930 813 a
956 757 1052 832 primo
1076 757 1108 813 in

95 847 236 903 octavum
262 847 418 920 punctum,
445 844 476 903 in
504 863 563 919 qua
589 846 686 919 prima
713 864 782 920 pars
806 848 852 903 est
874 845 937 902 eius
960 844 1025 902 fixa.
1073 864 1106 904 eo

94 933 185 991 modo
222 935 368 1007 quantum
398 933 588 1009 progreditur
620 933 738 1008 oblique
771 935 862 1008 spatii
894 936 924 990 et
954 953 1008 1008 per
1040 936 1106 993 octo

94 1024 223 1098 puncta,
255 1021 432 1079 tantundem
462 1025 492 1080 et
523 1022 708 1098 longitudine
740 1022 874 1098 procedit
902 1022 940 1079 ad
968 1025 1107 1081 octavum

55 1112 249 1187 repunctum.
296 1109 397 1168 eadem
424 1112 539 1168 rationo
565 1130 619 1185 per
646 1129 731 1168 omne
759 1111 889 1185 spatium
912 1109 1106 1187 longitudinis

47 1191 101 1280 221
124 1202 154 1258 et
181 1198 375 1257 rotunditatis
398 1199 522 1276 singulis
545 1199 798 1258 decussationibus
822 1199 940 1274 oblique
963 1199 1038 1256 fixae
1061 1218 1106 1257 re-

95 1289 184 1365 gulae
213 1306 267 1362 per
297 1290 363 1346 octo
393 1288 595 1347 crassitudinis
625 1288 784 1347 divisiones
814 1289 962 1346 involutos
992 1287 1107 1346 faciunt

96 1377 215 1436 canales
242 1379 272 1434 et
293 1377 403 1434 iustam
425 1378 540 1436 cocleae
563 1378 788 1451 naturalemque
811 1377 1016 1434 imitationem.
1062 1377 1106 1434 ita
1125 1398 1141 1445 3

95 1485 150 1542 per
180 1464 212 1522 id
238 1465 398 1541 vestigium
427 1467 503 1524 aliae
530 1484 619 1540 super
645 1464 720 1524 alias
747 1465 881 1541 figuntur
907 1468 1012 1523 unctae
1040 1465 1106 1540 pice

55 1574 81 1615 15
94 1553 221 1630 liquida,
245 1556 275 1611 et
298 1557 514 1631 exaggerantur
532 1553 570 1611 ad
587 1554 619 1612 id
636 1555 682 1612 uti
699 1554 894 1630 longitudinis
913 1558 1019 1613 octava
1036 1572 1105 1629 pars

47 1652 85 1705 12⁶)
94 1643 151 1702 fiat
169 1661 284 1701 summa
302 1636 482 1723 crasffsitudo.
515 1661 605 1719 supra
623 1662 672 1702 eas
692 1644 913 1702 circumdantur
931 1647 961 1702 et
973 1643 1107 1720 figuntur

48 1741 85 1796 59
94 1732 216 1790 tabulae
253 1750 330 1806 quae
357 1726 361 1808 l
388 1735 545 1809 pertegant
577 1751 643 1790 eam
673 1733 896 1791 involutionem.
951 1736 1021 1791 tunc
1054 1751 1106 1790 eae

95 1821 217 1879 tabulae
247 1820 311 1894 pice
341 1823 514 1879 saturantur
544 1823 573 1879 et
602 1821 751 1879 lamminis
779 1822 881 1879 ferreis
909 1822 1104 1898 conliguntur,

95 1913 131 1968 ut
150 1909 187 1967 ab
206 1927 302 1984 aquae
320 1909 351 1967 vi
369 1928 405 1967 ne
424 1909 632 1968 dissolvantur.
661 1910 760 1985 capita
778 1911 855 1987 tigni
869 1911 971 1969 ferrea.
1001 1911 1105 1968 dextra

55 2020 82 2059 ao
96 2001 199 2056 autem
225 2015 260 2056 ac
287 1998 407 2056 sinistra
431 2000 560 2056 cocleam
581 1999 666 2075 tigna
689 2000 881 2057 conlocantur
903 2000 935 2056 in
958 1999 1104 2075 capitibus

57 2090 224 2162 (syntraque
246 2090 332 2161 parte
354 2079 503 2168 habenltia
521 2088 736 2146 transversaria
755 2087 875 2144 confixa.
912 2089 944 2144 in
961 2087 1008 2146 his
1026 2088 1104 2146 fora-

94 2176 178 2234 mina
200 2176 296 2233 ferrea
318 2178 388 2234 sunt
409 2176 524 2234 inclusa
546 2175 636 2249 inque
657 2194 692 2232 ea
709 2175 891 2233 inducuntur
909 2176 989 2250 styli,
1013 2175 1105 2233 etita

95 2265 213 2323 cocleae
235 2262 402 2322 hominibus
427 2263 608 2322 calcantibus
631 2263 746 2320 faciunt
768 2265 957 2322 versationes
996 2264 1104 2321 erectio
1123 2284 1140 2330 4

95 2355 199 2412 antem
221 2353 283 2410 eius
306 2353 345 2410 ad
367 2353 589 2412 inclinationem
608 2353 649 2410 sic
668 2353 724 2410 erit
743 2351 923 2411 conlocanda
940 2351 987 2409 uti
1005 2370 1105 2427 quem-

55 2463 81 2503 as
95 2441 257 2500 admodum
273 2440 507 2518 Pythagoricum
523 2442 676 2517 trigonum
694 2441 903 2518 orthogonium
921 2440 1104 2515 describitur,
1178 2465 1179 2470 ¹

47 2541 85 2593 11⁰)
95 2532 138 2590 sic
165 2530 197 2588 id
223 2530 332 2588 habeat
358 2521 553 2611 responlsum,
580 2530 612 2587 id
640 2532 684 2588 est
706 2530 751 2587 uti
767 2530 925 2588 dividatur
947 2529 1103 2606 longitudo

94 2620 127 2676 in
150 2621 251 2693 partes
273 2637 302 2693 v,
325 2638 426 2677 earum
443 2621 535 2676 trium
553 2619 713 2676 extollatur
731 2621 821 2693 caput
838 2620 961 2694 cocleae,
984 2620 1028 2677 ita
1048 2619 1104 2677 erit

95 2706 134 2765 ab
152 2706 361 2782 perpendiculo
381 2708 419 2764 ad
436 2707 511 2765 imas
529 2726 615 2766 nares
634 2707 765 2782 spatium
784 2726 886 2765 earum
903 2708 1034 2783 partium
1048 2726 1102 2765 1111.

94 2816 155 2872 qua
177 2796 292 2854 ratione
316 2798 416 2854 autem
439 2799 576 2871 oporteat
598 2796 629 2852 id
652 2814 724 2870 esse,
746 2796 777 2853 in
796 2800 926 2855 extremo
945 2797 1021 2855 libro
1041 2798 1102 2855 eius

54 2907 80 2946 ao
93 2888 192 2943 forma
215 2884 362 2959 descripta
385 2888 430 2942 est
452 2887 484 2942 in
506 2885 571 2959 ipso
594 2888 734 2959 tempore.

167 3095 181 3142 1
201 3087 298 3143 iuncta
317 3091 391 3158 (cate
408 3090 474 3158 ras.)
494 3089 526 3144 G.
551 3091 560 3158 ΙΙ
583 3095 599 3142 2
619 3088 728 3143 decusis
746 3109 774 3145 a.
797 3092 806 3159 ΙΙ
829 3096 844 3142 3
864 3089 1054 3158 longitudines
1074 3093 1103 3143 et

93 3158 301 3214 circumitiones
321 3159 430 3213 decusis
449 3159 583 3227 (decussis
605 3161 640 3230 G)
658 3178 686 3214 cc.
713 3164 722 3230 ll
749 3161 890 3230 tsinguli
907 3178 934 3214 x.
965 3163 968 3231 l
998 3163 1102 3229 puncto

94 3232 128 3288 G.
144 3233 154 3300 ΙΙ
169 3236 183 3284 7
198 3229 319 3300 inprime
333 3249 389 3298 qua
402 3249 429 3299 p.
446 3231 542 3301 G(sed
557 3233 593 3286 6⁶
606 3233 625 3286 c'.
640 3233 858 3301 m.iatinqua
871 3231 1010 3300 prima=
1026 3231 1100 3303 Η).Ι

93 3303 138 3356 est
156 3300 215 3355 eius
235 3304 293 3372 (sic)
311 3320 343 3356 a:
364 3302 422 3355 eius
442 3304 485 3356 est
502 3303 561 3357 cdd.
589 3305 598 3372 ΙΙ
625 3302 754 3371 Sepatir'r
773 3302 796 3355 a
815 3306 853 3371 (et
869 3305 904 3372 (ι’)
922 3321 949 3357 a.
973 3306 982 3372 ΙΙ
1005 3305 1102 3355 9tan·

92 3372 182 3427 tunde
206 3371 229 3425 tc
257 3375 296 3442 (et
320 3374 357 3442 G)
384 3373 459 3444 long.
483 3374 542 3441 (sic)
564 3392 591 3428 a.
625 3375 634 3442 ΙΙ
666 3380 699 3426 19
718 3374 845 3443 ferrdctet.
867 3374 902 3443 G)
931 3374 1029 3427 dextra
1046 3391 1073 3428 a.
1094 3374 1102 3443 l>

93 3451 127 3498 22
148 3442 215 3512 styli
234 3445 294 3512 (cic)
312 3461 332 3497 a
350 3446 554 3514 (scdp.167,1
574 3443 646 3498 stilis
664 3448 703 3510 a).
731 3447 740 3514 ll
768 3450 801 3497 28
820 3444 1028 3514 adppendicuhi
1047 3462 1074 3498 ar.
1096 3444 1100 3516 1

91 3514 169 3569 naris
188 3533 215 3569 cc.
233 3517 237 3585 l
254 3519 320 3568 earu
335 3515 356 3587 (l
372 3516 417 3585 H)
434 3515 520 3585 pedes
540 3519 711 3586 .1111.cc.ss30
729 3517 760 3569 in
777 3516 838 3585 ipso
857 3517 981 3584 tempore
1001 3518 1059 3585 (sic)
1073 3532 1100 3569 a.
