2416 3922
117 172 164 236 ‘10
261 242 263 246 .
541 171 707 228 ursuvn

115 326 213 382 tectus
244 323 270 382 is
302 323 411 381 litteris
443 322 588 381 imbutus
606 323 678 382 haec
706 324 787 382 nisus
816 341 881 381 sum
908 321 1042 381 scribere.
1095 321 1132 380 de

118 413 190 471 artis
213 432 284 472 vero
311 414 460 487 potestate
489 431 622 487 quaeque
649 413 754 471 insunt
774 412 807 470 in
830 430 866 470 ea
888 410 1132 470 ratiocinationes

117 501 268 576 polliceor,
282 500 327 559 uti
341 518 435 576 spero,
449 500 496 558 his
509 501 711 559 voluminibus
725 520 786 559 non
803 499 891 559 modo
905 499 1131 559 aedificantibus

117 590 170 648 sed
200 589 295 648 etiam
317 589 457 648 omnibus
484 588 667 664 sapientibus
696 609 763 648 cum
789 589 920 648 maxima
951 589 1131 648 auctoritate

114 698 165 737 me
188 679 252 737 sine
275 677 366 737 dubio
388 681 617 754 praestaturum.
669 677 672 682 ’
1144 697 1158 739 s

77 773 104 827 11
186 758 410 848 lArchitectura
423 770 525 825 autem
539 769 657 826 constat
675 787 710 826 ex
724 766 919 848 QG,
934 785 1010 841 quae
1024 785 1131 842 graece
1140 778 1174 829 (ro

115 856 202 916 ταξι(
224 856 342 931 dicitur,
366 858 396 914 et
419 859 456 914 ex'
477 855 683 938 disposifiqne,
705 857 782 914 hanc
805 858 907 914 autem
931 854 1036 913 Graeci
1062 855 1130 914 δια-

117 947 201 1004 θεειν
224 945 370 1020 vocitant,
398 947 428 1003 et
456 945 626 1027 eurpthrpqia
653 949 683 1004 et
711 945 883 1024 sgmmqtpia
910 947 941 1002 et
967 944 1072 1032 decore
1101 947 1132 1003 et

117 1032 343 1112 distributipneg
358 1053 433 1109 quae
456 1052 561 1110 graece
585 1050 750 1106 οικονομια
773 1033 889 1092 dicitur.

80 1135 117 1183 2v
184 1119 340 1181 Ordinatio
369 1126 414 1181 est
440 1122 558 1181 modica
584 1122 784 1181 membrorum
811 1122 908 1198 operis
934 1121 1129 1181 commoditas
1145 1143 1169 1182 ιο

118 1202 297 1292 [separatim
318 1211 534 1286 universaeque
552 1211 753 1287 proportionis
772 1211 811 1269 ad
829 1211 1033 1286 symmetriam
1052 1221 1174 1272 com-(1⁶3

114 1300 242 1375 paratio.
296 1301 369 1358 haec
401 1300 587 1375 componitur
622 1319 658 1358 ex
690 1300 873 1375 quantitate,
910 1317 988 1375 quae
1024 1318 1130 1376 graece

116 1405 253 1462 ποεοτη(
272 1389 388 1447 dicitur.
422 1388 574 1464 quantitas
593 1392 695 1447 autem
714 1392 760 1447 est
777 1388 966 1448 modulorum
983 1388 1130 1464 exipsius

115 1478 214 1553 operis
232 1472 412 1554 <membris>
430 1477 561 1552 sumptio
580 1496 596 1534 e
614 1476 797 1554 singulisque
819 1477 1018 1535 membrorum
1036 1477 1130 1553 parti·

115 1565 170 1624 bus
193 1565 324 1624 universi
348 1565 444 1641 operis
466 1565 641 1624 conveniens
665 1566 795 1624 effectus.
1144 1585 1168 1626 ιε

185 1645 364 1736 'Dispositio
379 1657 479 1712 autem
494 1657 539 1712 est
557 1674 656 1713 rerum
673 1658 746 1731 apta
765 1654 929 1714 conlocatio
949 1655 1129 1731 elegansque
1139 1666 1174 1716 co]

115 1763 133 1800 e
156 1742 418 1818 compositionibus
448 1743 568 1802 effectus
596 1744 693 1819 operis
720 1764 788 1803 cum
816 1744 971 1819 qualitate.
1017 1744 1130 1818 species

114 1831 328 1906 dispositionis,
352 1851 427 1906 quae
448 1850 553 1909 graece
575 1833 716 1891 dicuntur
737 1833 824 1908 ιδεαι,
848 1834 918 1891 sunt
940 1832 1005 1907 hae,
1028 1833 1129 1891 ichno-

114 1920 241 1998 graphia
278 1920 492 1997 orthographia
528 1921 769 1998 scaenographia.
827 1921 1043 1998 ichnographia
1084 1925 1131 1980 est

62 2023 71 2069 ὶ
114 2008 219 2068 circini
240 2009 420 2085 regulaeque
443 2009 557 2068 modice
580 2011 733 2069 continens
751 2028 831 2085 usus,
855 2029 950 2084 equa
969 2010 1130 2085 capiuntur
1143 2031 1167 2070 ao

113 2089 286 2180 formalrum
318 2098 349 2155 in
381 2099 452 2156 solis
480 2117 616 2157 arearum
644 2098 863 2175 descriptiones.
914 2099 1128 2175 orthographia
1139 2109 1174 2160 (²51

114 2189 217 2246 autem
241 2191 286 2246 est
306 2182 310 2265 Ι
331 2190 428 2246 erecta
451 2188 558 2246 frontis
580 2188 680 2264 imago
703 2187 876 2262 modiceque
899 2187 981 2263 picta
1003 2187 1128 2246 rationi·
1144 2195 1174 2250 ll

116 2276 172 2335 bus
200 2277 297 2352 operis
324 2276 419 2334 futuri
446 2275 550 2353 figura.
596 2276 669 2335 item
692 2276 926 2353 scaenographia
950 2279 995 2335 est
1019 2276 1128 2336 frontis

114 2368 146 2423 et
163 2366 292 2424 laterum
310 2364 533 2424 abscedentium
551 2365 740 2423 adumbratio
760 2365 798 2423 ad
817 2366 977 2439 circinique
994 2367 1130 2424 centrum

114 2450 248 2513 omnium
265 2454 414 2511 linearum
431 2472 598 2528 responsus.
634 2455 690 2512 hae
709 2457 874 2512 nascuntur
892 2473 927 2511 ex
946 2454 1129 2530 cogitatione
1142 2472 1168 2514 as

115 2546 146 2600 et
172 2543 351 2601 inventione.
377 2537 380 2619 l
406 2542 549 2619 cogitatio
573 2546 618 2601 est
644 2561 729 2618 cura,
758 2543 848 2602 studii
871 2543 961 2617 plena
984 2544 1014 2600 et
1041 2542 1166 2606 indu-(5)

113 2632 206 2689 striae
237 2631 486 2707 vigilantiaeque,
523 2631 644 2689 effectus
680 2632 827 2707 propositi
864 2650 931 2690 cum
962 2632 1128 2706 voluptate.

188 2823 200 2869 l
221 2815 258 2870 is:
277 2815 321 2868 his
340 2833 368 2871 x.
391 2818 400 2886 (Ι
424 2822 438 2870 7
457 2816 531 2870 taxis
550 2835 576 2872 cc.
599 2819 603 2886 Ι
624 2817 766 2872 diathesin
783 2835 811 2872 a.
833 2820 842 2887 (Ι
865 2823 880 2871 8
900 2817 1050 2886 eyrlthmia
1069 2821 1128 2888 (sic)

116 2887 149 2939 H
152 2886 173 2942 S
179 2887 204 2942 G
222 2888 278 2956 (sed
295 2888 372 2954 infra
388 2906 418 2956 p.
438 2891 483 2952 12,
498 2893 515 2942 9
536 2886 687 2942 eurithmia
705 2892 813 2958 omnes).
832 2892 841 2959 (Ι
861 2895 876 2942 9
896 2889 1058 2943 oeconomia
1076 2890 1128 2961 all

115 2963 148 3010 11
167 2956 361 3027 proportiones
380 2959 424 3014 H:
443 2957 498 3012 -nis
514 2959 545 3026 S,
564 2959 779 3028 proporticionis
799 2961 858 3029 (sic)
876 2959 908 3015 G.
923 2962 932 3029 (Ι
946 2965 980 3013 13
999 2963 1128 3030 possetes

115 3029 179 3093 HS,
197 3028 304 3098 posotis
325 3029 359 3083 G.
373 3030 383 3099 Ι(
398 3035 431 3084 14
450 3029 582 3084 membris
601 3048 652 3085 om.
671 3049 698 3085 cc.
716 3035 720 3098 (
737 3031 867 3100 sumptio.
901 3048 915 3086 e
935 3031 1054 3099 singulis
1074 3047 1128 3100 que

114 3101 148 3153 H
153 3100 190 3154 G:
217 3099 382 3168 sumptione.
420 3100 627 3171 singularisque
647 3100 668 3156 S
688 3101 853 3172 (sumptione
870 3101 1052 3171 ‘singulisque
1071 3103 1127 3172 (Ρ),

113 3174 160 3226 cci
176 3187 212 3225 sc.
232 3174 264 3226 ire
280 3189 365 3242 marg.
381 3172 573 3241 adscripseris
590 3171 620 3225 in
636 3172 762 3242 singulis.
777 3174 786 3242 (1
802 3178 834 3226 16
849 3173 958 3242 eligans
972 3191 993 3227 x
1006 3175 1129 3243 (praeter

114 3242 147 3311 S)
162 3245 191 3295 et
204 3245 244 3297 sic
257 3246 321 3309 103,
330 3246 366 3296 10
380 3244 436 3311 (pr.
448 3243 489 3313 S).
505 3246 566 3311 145,
576 3247 621 3298 23.
641 3247 730 3310 155,1
746 3246 801 3312 (pr.
813 3244 853 3312 S).
879 3248 943 3311 173,
951 3247 996 3298 20.
1017 3248 1080 3311 173,
1090 3248 1127 3299 24

113 3314 169 3381 (pr.
181 3313 221 3382 S).
241 3317 303 3381 175,
314 3317 338 3368 4.
358 3317 423 3380 178,
431 3317 467 3368 21
487 3316 542 3385 (pr.
554 3315 604 3384 E).
624 3318 734 3380 182‚25
751 3316 807 3384 (pr.
820 3315 876 3383 Ec).
895 3318 959 3369 item
972 3316 1003 3368 H
1018 3320 1082 3381 160,
1093 3319 1128 3370 13

114 3384 173 3450 (ati
191 3383 246 3438 ele·
263 3384 335 3452 (ἰδ’).
354 3386 401 3438 sed
420 3384 490 3454 eleg.
509 3403 529 3439 a
548 3389 645 3452 13,15.
665 3389 762 3453 13,16,
782 3388 827 3452 15,
836 3390 881 3439 24.
900 3390 946 3452 23,
956 3390 995 3440 20
1013 3388 1069 3455 (pr.
1085 3386 1126 3455 S).

111 3457 158 3520 46,
174 3458 201 3509 2.
224 3459 288 3521 244,
302 3460 345 3508 10.
360 3457 369 3525 (Ι
385 3461 416 3508 17
436 3472 451 3509 e
475 3473 525 3510 om.
544 3474 571 3510 cc.
586 3458 595 3525 (Ι
611 3461 643 3509 18
663 3455 745 3510 ideae
768 3458 806 3525 (a
825 3457 858 3526 S)
877 3475 905 3511 a.
920 3459 929 3526 Ι(
944 3462 977 3510 20
997 3473 1070 3526 equa
1089 3459 1127 3513 G:

114 3540 205 3594 aequa
224 3526 263 3592 H,
282 3542 355 3600 equa
374 3526 514 3597 8611121
535 3527 602 3581 solis
622 3527 661 3583 G:
680 3525 758 3580 soliis
778 3528 841 3584 Hs.
