2416 3922
339 174 388 228 DE
406 172 686 229 nacfflrucvvnn
703 173 769 229 LIB.
789 174 822 244 X,
841 181 857 228 9
1039 174 1103 238 261

45 396 50 403 ,
92 327 246 404 parietum
268 327 332 386 axis
353 324 465 384 habens
488 327 571 384 extra
593 343 701 385 navem
722 325 921 401 prominentia
944 325 1051 402 capita,
1074 328 1106 384 in

39 425 175 493 (solquee
194 410 200 495 Ι
220 415 415 474 includuntur
442 417 525 472 rotae
555 413 700 472 diametro
730 413 840 490 pedum
870 417 1047 489 quaternum
1076 418 1106 474 et

25 505 241 569 mammenus
265 498 270 583 Ι
294 503 436 562 habentes
468 503 547 562 circa
577 504 690 562 frontes
722 503 833 562 adfixas
860 505 968 578 pinnas
996 522 1106 579 aquam

92 596 262 671 tangentes.
299 594 372 651 item
394 591 507 650 medius
531 593 594 650 axis
616 593 648 649 in
672 592 770 650 media
788 593 858 651 navi
876 587 1010 669 (habet)
1028 597 1105 669 tym-

66 701 209 760 spanum
227 701 295 741 curn
312 700 374 740 uno
392 680 541 739 denticulo
558 681 671 739 extanti
686 683 769 739 extra
783 699 870 739 suam
882 680 1106 741 rotunditatem

93 771 136 831 ad
162 789 231 831 eum
256 771 355 829 locum
377 770 551 828 conlocatur
572 770 804 829 loculamentum
826 769 936 829 habens
959 771 1107 830 inclusum

54 861 129 922 <oin
146 878 180 920 se
196 863 382 936 tympanum,
400 849 598 940 peraelquatis
612 857 749 918 dentibus
768 875 851 944 ccco·
866 859 1106 919 convenientibus

94 949 247 1008 denticulo
274 949 411 1024 tympani
439 946 518 1022 quod
545 950 590 1005 est
619 948 651 1005 in
681 966 734 1006 axe
761 946 921 1022 inclusum,
952 950 1107 1022 praeterea

94 1038 136 1098 ad
167 1038 248 1097 latus
281 1036 409 1095 adfixum
442 1039 591 1095 extantem
624 1039 707 1094 extra
738 1035 953 1094 rotunditatem
980 1037 1108 1095 alterum

55 1127 218 1186 rodentem
239 1145 341 1184 unum.
372 1126 493 1201 insuper
514 1126 548 1183 in
569 1125 664 1184 altero
682 1124 881 1184 loculamento
900 1143 967 1183 cum
986 1144 1019 1183 eo
1039 1144 1106 1184 con-
1126 1140 1142 1188 6

93 1215 154 1275 fixo
177 1215 325 1274 inclusum
346 1217 524 1290 tympanum
547 1214 671 1289 planum
694 1213 732 1271 ad
755 1212 881 1271 eundem
898 1213 1019 1272 modum
1037 1214 1107 1272 den-

43 1313 87 1366 (1⁰)
95 1307 204 1379 taum,
225 1303 466 1363 convenientibus
485 1302 624 1360 dentibus
642 1301 792 1361 denticulo
813 1294 816 1382 l
838 1303 889 1378 qui
908 1305 953 1360 est
972 1302 1108 1362 adlatus

94 1393 174 1453 fixus
195 1396 339 1469 tympano
364 1391 443 1466 quod
465 1394 511 1450 est
533 1391 565 1448 in
587 1391 683 1449 cultro
706 1391 905 1466 conlocatum,
934 1392 979 1449 ita
1001 1394 1035 1449 ut
1058 1410 1107 1452 eos

95 1482 200 1541 dentes
227 1483 279 1558 qui
304 1483 374 1539 sunt
395 1480 479 1555 plani
501 1481 639 1555 tympani
661 1480 787 1556 singulis
808 1479 1025 1540 versationibus
1049 1481 1108 1540 sin·

56 1589 82 1631 re
95 1571 184 1648 gulos
207 1570 278 1629 dens
296 1569 470 1645 inpellendo
492 1571 524 1626 in
547 1568 647 1628 orbem
664 1569 788 1644 planum
806 1571 983 1645 tympanum
1001 1573 1106 1629 verset.

94 1660 129 1718 in
154 1660 247 1736 plano
270 1662 370 1717 autem
392 1661 536 1734 tympano
559 1657 708 1716 foramina
729 1657 817 1733 fiant,
844 1658 876 1715 in
900 1657 1006 1734 quibus
1028 1659 1106 1718 fora-

44 1757 87 1810 (1⁶)
95 1747 226 1807 minibus
259 1746 492 1807 conlocabuntur
524 1747 631 1805 calculi
661 1747 790 1806 rotundi.
841 1748 873 1804 in
904 1748 990 1806 theca
1017 1740 1020 1828 l
1046 1750 1108 1807 eius

96 1837 244 1914 tympani,
269 1837 331 1896 sive
354 1836 585 1894 loculamentum
608 1839 661 1911 est,
684 1855 777 1894 unum
793 1836 929 1895 foramen
951 1840 1109 1897 excavetur

95 1925 210 1985 habens
237 1925 448 1998 canaliculum,
476 1943 536 2000 qua
563 1924 694 1983 calculus
720 1924 864 1984 liberatus
892 1925 929 1983 ab
958 1925 1109 1985 obstantia

57 2032 84 2074 ro
97 2033 166 2074 curn
193 2013 332 2073 ceciderit
358 2014 390 2071 in
416 2031 469 2072 vas
493 2032 612 2071 aereum
635 2014 734 2072 sonitu
757 2013 911 2090 significet.
956 2015 1000 2072 ita
1022 2016 1143 2076 navist

98 2123 169 2163 cum
194 2103 333 2162 habuerit
359 2103 505 2178 impetum
528 2104 580 2159 aut
602 2120 750 2160 remorum
773 2105 826 2160 aut
847 2104 1004 2160 ventorum
1026 2103 1109 2179 flatu,

96 2193 208 2269 pinnae
240 2211 316 2267 quae
348 2194 436 2249 erunt
465 2192 497 2248 in
525 2191 599 2250 rotis
628 2192 785 2266 tangentes
816 2209 925 2266 aquam
955 2190 1109 2250 adversam

45 2288 88 2341 (2⁰)
96 2281 266 2341 vehementi
286 2274 290 2358 1
310 2282 455 2338 retrorsus
478 2279 599 2355 inpulsu
622 2281 741 2338 coactae
764 2277 925 2337 versabunt
942 2282 1033 2353 rotas,
1057 2299 1109 2338 eae

97 2372 200 2429 autem
226 2369 404 2428 involvendo
432 2387 463 2427 se
492 2371 582 2445 agent
609 2387 707 2442 axem,
735 2367 797 2426 axis
824 2385 895 2425 vero
923 2370 1110 2443 tympanum,

57 2475 84 2517 aa
97 2459 182 2518 cuius
208 2458 281 2517 dens
304 2458 498 2516 circumactus
522 2457 647 2534 singulis
670 2455 886 2515 versationibus
910 2456 1041 2533 singulos
1065 2476 1109 2516 se·

97 2547 187 2607 cundi
217 2547 354 2622 tympani
380 2545 483 2604 dentes
509 2545 678 2621 inpellendo
705 2545 836 2603 modicas
866 2544 957 2604 efficit
986 2546 1108 2604 circum·

96 2635 215 2696 itiones.
259 2637 304 2694 ita
333 2654 400 2694 cum
429 2651 507 2693 coco
539 2634 576 2693 ab
603 2635 702 2710 pinnis
724 2637 808 2692 rotae
830 2634 942 2693 fuerint
964 2639 1108 2712 versatae,

44 2725 190 2785 (²⁶)semel
215 2727 393 2800 tympanum
420 2714 639 2805 circumiectum
665 2723 790 2798 inpellet
816 2721 903 2781 dente
927 2724 978 2799 qui
1000 2728 1047 2783 est
1070 2725 1108 2783 ad

97 2813 179 2872 latus
201 2812 285 2888 fixus,
307 2813 391 2888 plani
413 2813 551 2887 tympani
574 2813 701 2871 dentem.
732 2811 826 2888 igitur
848 2811 1012 2871 circumitio
1030 2816 1108 2888 tym-

57 2920 84 2960 eo
97 2903 171 2979 pani
199 2902 282 2977 plani
306 2902 569 2977 quotienscumque
593 2901 631 2959 ad
653 2901 787 2959 foramen
809 2901 950 2977 perducet
972 2901 1111 2977 calcidos,

171 3181 186 3230 1
205 3174 308 3245 inquae
327 3178 404 3248 (oue
419 3177 453 3230 H
457 3177 502 3243 (3⁶,
522 3194 563 3244 -qs
578 3176 615 3246 G)
633 3193 660 3231 c.
682 3179 691 3246 ιΙ
712 3182 728 3230 3
747 3177 893 3231 sextantae
912 3179 950 3250 (e
965 3176 1035 3245 EG)
1053 3193 1082 3231 a.

96 3246 226 3302 4habet
252 3265 303 3302 om.
321 3264 348 3302 x.
380 3250 390 3316 ΙΙ
422 3253 456 3301 10
480 3247 593 3301 dentem
619 3249 694 3316 (cate
716 3249 796 3318 corr.)
823 3265 873 3303 ora.
894 3248 921 3302 G
946 3264 1013 3314 loon
1030 3247 1082 3316 Ε).

99 3324 133 3373 12
152 3317 396 3374 convenientibus:
416 3318 517 3386 quibus
536 3318 585 3387 (·b;
600 3319 646 3388 H)
663 3336 691 3373 c.
716 3323 721 3386 Ι
747 3317 904 3373 denticulus
923 3334 950 3372 c.
978 3320 987 3388 ll
1016 3323 1048 3371 13
1067 3318 1111 3371 ita

42 3386 46 3402 ²
98 3392 132 3444 ut
149 3405 211 3444 eos:
230 3388 308 3443 ineos
326 3407 355 3444 a.
382 3392 392 3459 ΙΙ
419 3395 453 3443 15
472 3389 553 3445 dens:
573 3389 671 3446 dentes
690 3406 717 3444 c.
743 3389 748 3458 Ι
774 3388 889 3459 plenum
906 3406 933 3445 c.
961 3391 970 3458 u
998 3395 1030 3442 17
1051 3388 1111 3443 eins

97 3462 235 3530 tympano
250 3461 281 3515 E
296 3467 322 3514 et
339 3462 412 3530 (onte
430 3463 510 3530 corr.)
526 3461 633 3532 &1120
652 3459 774 3514 sonitum
788 3462 828 3531 (ai
845 3460 881 3530 G)
894 3477 921 3514 a.
936 3462 946 3529 ΙΙ
959 3465 993 3514 26
1012 3459 1110 3516 circui-

98 3533 192 3587 tiones
210 3549 237 3587 o.
266 3533 275 3601 ΙΙ
303 3537 336 3586 29
355 3531 482 3586 circuitio
501 3550 528 3587 a.
