2416 3922
116 151 159 215 14
530 148 704 221 ¹,virauvn

112 322 180 360 rum
212 301 391 374 conlocatio,
425 300 659 377 opportunitatis
691 300 894 359 communium
924 300 1058 358 locorum
1090 299 1131 357 ad
1176 330 1179 345 ›

113 409 200 449 usum
217 390 373 467 publicum
386 381 561 471 distpositio,
579 388 626 446 uti
642 390 747 465 portus
765 389 831 447 fora
845 389 978 464 porticus
991 387 1129 448 balineae
1139 399 1177 452 (1⁶)

112 480 233 537 theatra
255 478 504 537 inambulationes
527 480 684 553 ceteraque
705 497 780 553 quae
798 477 893 552 isdem
910 476 1078 536 rationibus
1097 477 1130 535 in

113 567 240 643 publicis
263 567 336 626 locis
359 567 561 645 designantur.
1202 610 1205 623 .

79 671 94 720 2
180 656 262 716 Haec
281 659 382 714 autem
399 657 444 714 ita
461 655 526 714 fieri
544 655 653 714 debent
671 657 707 713 ut
725 654 871 714 habeatur
883 655 961 714 ratio
975 654 1155 717 firmitatisa
1202 658 1205 667 '

113 746 256 805 utilitatis
269 745 443 804 venustatis
478 744 629 803 firmitatis
649 745 705 801 erit
723 743 828 803 habita
846 745 933 817 ratio,
952 762 1018 802 cum
1036 743 1130 802 fuerit
1201 788 1204 793 -

115 825 393 916 {fundamentorum
412 834 450 892 ad
468 833 597 892 solidum
611 832 761 908 depressio
780 835 811 891 et
829 850 947 908 quaque
966 852 981 889 e
1000 833 1176 895 materiam)

114 923 267 999 copiarum
294 922 356 982 sine
384 922 513 981 avaritia
540 921 666 998 diligens
694 915 814 996 electio,
846 921 986 980 utilitatis
1014 923 1130 996 autem,

114 1030 180 1070 cum
203 1011 359 1070 emendata
383 1015 412 1070 et
435 1011 497 1070 sine
520 1010 703 1087 inpeditione
723 1029 794 1069 usus
817 1011 951 1069 locorum
970 1010 1129 1086 dispositio

113 1104 144 1159 et
175 1101 214 1158 ad
244 1101 380 1178 regiones
412 1100 458 1158 sui
490 1100 633 1175 cuiusque
665 1099 781 1175 generis
811 1101 884 1174 apta
913 1102 944 1157 et
971 1098 1173 1177 commodare.¹

112 1188 294 1263 distributio,
312 1189 478 1248 venustatis
496 1207 567 1248 vero
586 1207 653 1247 cum
670 1188 763 1246 fuerit
781 1188 878 1264 operis
901 1187 1013 1263 species
1037 1190 1127 1264 grata

113 1282 143 1336 et
161 1279 279 1355 elegans
300 1269 305 1359 1
324 1277 582 1353 membrorumque
600 1295 785 1336 commensus
805 1277 899 1336 iustas
921 1275 1033 1335 habeat
1047 1280 1174 1352 sym-(u)

112 1368 287 1425 metriarum
308 1366 561 1425 ratiocinationes.

58 1463 97 1519 IV
178 1456 214 1513 In
240 1456 313 1530 ipsis
336 1473 407 1514 vero
434 1454 589 1512 moenibus
618 1472 653 1512 ea
681 1457 767 1512 erunt
793 1453 951 1530 principia.
993 1453 1126 1529 primum

113 1544 217 1602 electio
250 1543 309 1602 loci
335 1543 530 1602 saluberrimi.
580 1544 606 1601 is
634 1546 735 1602 autern
763 1543 820 1601 erit
847 1543 977 1602 excelsus
1006 1544 1037 1601 et
1065 1561 1161 1603 nonu

112 1624 282 1714 nelbulosus
305 1651 365 1690 non
387 1631 547 1707 pruinosus
565 1632 760 1708 regionesque
779 1632 854 1690 caeli
873 1633 1009 1707 spectans
1027 1650 1126 1707 neque
1139 1640 1170 1696 lt

113 1722 266 1780 aestuosas
289 1740 385 1796 neque
407 1721 533 1798 frigidas
556 1722 608 1779 sed
629 1723 821 1796 temperatas,
843 1721 948 1778 deinde
971 1721 997 1779 si
1016 1719 1126 1779 vitabi-

112 1812 162 1868 tur
187 1809 330 1884 palustris
352 1809 498 1868 vicinitas.
545 1829 612 1868 cum
640 1810 719 1868 enim
746 1828 837 1868 aurae
864 1809 1031 1867 matutinae
1059 1828 1127 1867 cum

112 1899 174 1957 sole
197 1898 310 1956 oriente
334 1897 373 1956 ad
400 1899 542 1973 oppidum
569 1899 744 1974 pervenient
766 1901 797 1955 et
821 1898 867 1956 his
891 1899 974 1958 ortae
996 1897 1125 1957 nebulae

113 1978 325 2069 adiuntgentur
355 1987 538 2063 spiritusque
565 1987 730 2046 bestiarum
756 1987 935 2062 palustrium
962 1989 1182 2047 venenatosuu

113 2095 181 2133 cum
203 2075 312 2133 nebula
334 2076 441 2134 mixtos
463 2076 496 2133 in
518 2075 721 2135 habitatorum
740 2094 863 2151 corpora
881 2075 956 2135 flatu
974 2078 1127 2153 spargent,

113 2164 242 2223 efficient
263 2166 363 2224 locum
385 2165 583 2240 pestilentem.
620 2166 693 2224 item
712 2165 737 2223 si
756 2164 919 2223 secundum
935 2183 1017 2222 mare
1038 2167 1126 2223 amnt

112 2255 230 2313 moenia
257 2254 493 2329 spectabuntque
521 2255 559 2312 ad
585 2253 739 2311 meridiem
771 2257 824 2312 aut
855 2253 1038 2312 occidentem
1065 2272 1126 2312 non
1194 2252 1202 2315 ἷ-

113 2345 199 2401 erunt
217 2342 359 2416 salubria,
383 2343 462 2418 quod
479 2361 532 2418 per
551 2345 695 2401 aestatem
713 2344 828 2401 caelum
846 2343 1044 2399 meridianum
1063 2342 1125 2402 sole

113 2432 261 2490 exoriente
282 2426 286 2509 1
307 2431 428 2490 calescit
457 2431 580 2490 meridie
608 2431 706 2505 ardet,
732 2432 804 2490 item
833 2431 913 2507 quod
940 2432 1058 2507 spectat
1085 2430 1186 2492 adulte)

113 2520 295 2579 occidentem
312 2521 374 2579 sole
393 2523 494 2580 exorto
513 2521 638 2596 tepescit
650 2520 774 2578 meridie
788 2521 866 2578 calet
879 2538 1001 2595 vespere
1020 2521 1126 2579 fervet

77 2608 206 2684 sigitur
226 2608 443 2668 mutationibus
466 2609 572 2668 caloris
596 2611 626 2666 et
647 2609 881 2686 refrigerationis
905 2626 1030 2684 corpora
1049 2627 1126 2684 quae

111 2696 144 2754 in
166 2696 212 2755 his
230 2697 303 2755 locis
322 2700 391 2755 sunt
409 2697 561 2756 vitiantur.
598 2698 654 2757 hoc
673 2700 775 2756 autem
797 2698 868 2756 licet
889 2697 1126 2757 animadvertere

113 2785 205 2843 etiam
236 2804 271 2842 ex
302 2785 328 2843 is
361 2805 437 2860 quae
469 2805 528 2844 non
561 2791 631 2846 sunt
663 2787 814 2845 animalia.
866 2786 898 2844 in
930 2786 1013 2845 cellis
1046 2786 1125 2844 enim

111 2873 234 2933 vinariis
256 2874 343 2932 tectis
363 2867 368 2956 Ι
388 2874 502 2933 lumina
524 2893 610 2932 nemo
634 2876 715 2952 capit
737 2896 756 2934 a
778 2875 900 2933 meridie
918 2894 973 2933 neo
991 2874 1030 2932 ab
1049 2874 1185 2934 occi-³⁰⁰¹)

183 3085 199 3132 2
216 3077 259 3132 uti
273 3077 340 3133 HS:
359 3079 391 3131 ut
406 3079 439 3134 G.
458 3079 461 3150 1
477 3078 592 3133 balinea
606 3080 645 3146 H,
662 3079 767 3133 balnea
780 3080 879 3136 H⁶SG
892 3082 931 3149 113
950 3077 1062 3133 hisdem
1074 3078 1124 3164 (1.1

111 3157 128 3203 4
146 3150 216 3205 locis
236 3150 262 3206 G
280 3155 305 3204 ct
323 3150 418 3219 (supra
437 3151 486 3203 lia.
505 3151 556 3219 ips.
575 3152 650 3220 add.)
669 3151 701 3206 S:
724 3168 775 3206 om.
795 3151 832 3206 H.
847 3155 886 3220 117
906 3154 936 3205 et
953 3167 1004 3205 om.
1022 3169 1057 3218 a,
1074 3152 1123 3207 aa

107 3238 160 3290 pro
184 3218 326 3290 depressio
350 3220 505 3291 (depressio
520 3222 565 3291 Η)
584 3238 695 3291 quaque
709 3223 743 3276 H
747 3223 773 3277 G
791 3225 827 3277 ia'·
844 3239 946 3277 rasura
965 3224 1006 3276 sic
1030 3221 1125 3292 diapo-

112 3291 179 3346 sitio
197 3291 220 3344 b
238 3297 273 3346 cu
294 3290 348 3345 erit
370 3294 451 3349 libere
468 3299 500 3346 ut
517 3295 583 3348 solet
601 3294 659 3362 ipsc
676 3295 789 3363 corripit
807 3294 833 3349 S.
852 3295 896 3363 119
916 3310 980 3348 cum
998 3309 1048 3347 om.
1067 3310 1096 3347 a.
1116 3291 1121 3365 1

111 3379 164 3416 usu
176 3380 204 3417 c.
219 3366 228 3433 11
243 3368 276 3416 12
296 3362 498 3432 emembroriq
518 3364 560 3417 Ησ
574 3391 608 3410 =
622 3364 865 3433 membrorumque
880 3366 906 3420 G
925 3363 1123 3434 (membrorum

111 3433 140 3500 S,
162 3436 210 3503 qui
232 3451 282 3489 om.
306 3437 378 3504 que).
402 3438 411 3505 11
435 3442 468 3488 14
487 3451 521 3488 ea
544 3437 617 3504 (onte
635 3439 715 3504 corr.)
733 3453 783 3490 om.
805 3436 831 3490 G
861 3438 872 3505 11
894 3440 926 3488 l'l
947 3434 985 3490 si:
1009 3435 1050 3489 sic
1067 3452 1095 3490 a.
1112 3434 1123 3506 11

112 3509 146 3557 24
166 3504 241 3573 quod
255 3506 323 3561 HS:
342 3505 409 3573 quia
426 3506 458 3560 G.
474 3507 530 3576 1128
549 3506 698 3561 vitiantur:
717 3509 873 3576 31111129
892 3506 928 3562 is:
947 3506 992 3560 his
1005 3525 1034 3562 a.
