2416 3922
100 143 164 207 112
526 154 690 209 VITRUVII

100 297 288 360 diatessaron
312 306 342 362 et
365 305 503 380 diapente
527 309 557 363 et
585 325 620 364 ex
648 306 750 364 ordine
774 306 812 363 ad
835 306 1029 381 disdiapason
1052 323 1114 364 con·

101 387 270 448 venientiae
299 413 334 450 ex
360 396 469 452 natura
496 396 577 453 vocis
606 397 793 472 congruentis
820 395 933 455 habent
960 394 1114 467 finitiones,

104 478 134 534 et
157 476 185 532 ei
208 485 368 541 concentus
391 486 585 557 procreantur
604 503 638 541 ex
656 485 862 543 coniunctione
881 485 1036 542 sonituum
1054 477 1115 562 [qui

104 583 207 643 graece
232 562 381 652 φθογ1γοι
405 567 565 650 dicuntur}
1121 581 1144 633 (⁵)

62 663 88 720 V
170 654 219 713 lta
243 678 279 716 ex
296 661 343 719 his
362 661 604 738 indagationibus
623 662 841 720 mathematicis
859 661 1028 720 rationibus
1047 660 1136 719 fianta

103 762 175 803 vasa
208 764 296 806 aerea
328 768 381 825 pro
413 752 529 809 ratione
561 751 775 827 magnitudinis
806 751 918 809 theatri
951 769 1048 825 eaque
1076 751 1115 807 ita

102 833 286 895 fabricentur
309 842 343 898 ut
361 858 428 897 cum
446 842 617 916 tangantur,
641 841 771 899 sonitum
789 841 886 898 facere
905 840 1024 914 possint
1041 839 1114 896 inter

103 944 135 984 se
154 923 339 986 diatessaron
358 929 496 1004 diapente
515 932 546 987 et
565 949 600 986 ex
614 929 715 987 ordine
730 928 768 987 ad
782 928 982 1002 disdiapason.
1015 929 1114 1002 postea

106 1005 205 1096 linter
232 1017 315 1076 sedes
342 1019 453 1076 theatri
481 1019 650 1077 constitutis
674 1018 769 1092 cellis,
797 1019 913 1075 ratione
938 1017 1054 1076 musica
1075 1015 1148 1074 ibidl

103 1103 295 1164 conlocentur
312 1108 357 1165 ita
374 1108 421 1165 uti
439 1108 556 1165 nullum
573 1107 718 1182 parietem
735 1109 863 1182 tangant
878 1107 1015 1181 circaque
1030 1105 1114 1163 habe·
1125 1123 1146 1163 a

105 1197 158 1252 ant
184 1195 282 1252 locum
304 1216 431 1255 vacuum
458 1199 489 1254 et
517 1196 553 1254 ab
577 1215 692 1255 summo
716 1195 813 1271 capite
837 1196 983 1270 spatium,
1006 1213 1114 1270 ponan-

105 1286 214 1358 turque
236 1285 354 1344 inversa
378 1288 408 1344 et
429 1285 559 1343 habeant
581 1287 613 1342 in
634 1287 720 1360 parte
739 1302 815 1360 quae
839 1286 954 1358 spectat
978 1283 1018 1341 ad
1042 1301 1114 1342 scae·

104 1390 175 1430 nam
198 1376 366 1450 suppositos
389 1393 497 1433 cuneos
520 1394 557 1432 ne
575 1375 674 1431 minus
693 1374 770 1432 altos
789 1372 979 1447 semipedem,
1002 1374 1114 1431 contra·

106 1481 163 1537 que
187 1481 236 1521 eas
255 1464 344 1522 cellas
361 1455 365 1544 1
381 1464 589 1538 relinquantur
607 1465 762 1538 aperturae
780 1463 956 1520 inferiorum
974 1461 1116 1536 graduum
1123 1468 1148 1521 (11

69 1562 86 1610 2
106 1550 252 1611 cubilibus
275 1553 382 1628 longae
400 1552 489 1627 pedes
512 1552 579 1626 duo,
604 1552 682 1609 altae
710 1550 897 1625 semipedem.
938 1550 1147 1626 designatio-u

105 1659 157 1698 nes
186 1643 286 1699 autem
313 1661 426 1714 eorum,
456 1640 562 1716 quibus
590 1642 622 1698 in
649 1640 721 1698 locis
746 1641 977 1714 constituantur,
1007 1639 1051 1698 sic
1073 1657 1116 1696 ex·

105 1729 260 1804 plicantur.
298 1731 323 1788 si
345 1749 405 1788 non
425 1730 481 1788 erit
500 1730 598 1804 ampla
616 1728 821 1806 magnitudine
839 1729 999 1803 theatrum,
1022 1727 1117 1786 media

106 1818 274 1877 altitudinis
301 1822 470 1877 transuersa
497 1819 579 1895 regio
607 1818 778 1895 designetur
806 1821 836 1876 et
862 1819 894 1875 in
917 1837 952 1876 ea
978 1817 1117 1876 tredecim

105 1907 197 1964 cellae
221 1908 374 1966 duodecim
398 1898 580 1988 aequailibus
607 1907 773 1965 intervallis
802 1906 946 1965 distantes
971 1904 1148 1965 conform-(2l

106 1999 224 2069 centur,
256 1997 301 2054 uti
329 2016 363 2054 ea
391 1996 479 2054 eehea
507 2015 583 2071 quae
611 2015 701 2072 supra
729 1997 838 2070 scripta
866 1998 936 2054 sunt
963 1995 1003 2053 ad
1031 1997 1147 2052 neteun

105 2085 325 2160 hyperbolaeon
348 2087 486 2144 sonantia
508 2087 540 2142 in
564 2085 645 2143 cellis
669 2104 746 2159 quae
770 2086 839 2142 sunt
861 2084 893 2141 in
914 2083 1054 2143 cornibus
1073 2101 1115 2140 ex·

105 2176 221 2249 tremis,
248 2177 375 2249 utraque
402 2176 488 2249 parte
510 2175 606 2249 prima
631 2174 829 2246 conlocentur,
857 2173 985 2232 secunda
1012 2173 1050 2230 ab
1074 2190 1116 2229 ex·

104 2265 208 2323 tremis
223 2263 407 2322 diatessaron
422 2263 459 2320 ad
472 2266 561 2320 neten
575 2262 813 2339 diezeugmenon,
831 2263 921 2320 tertia
935 2261 1116 2320 diatessaron

105 2352 145 2410 ad
162 2372 344 2428 paramesen,
364 2354 470 2428 quarta
490 2350 527 2409 ad
545 2354 635 2409 neten
655 2346 658 2429 1
680 2351 919 2426 synhemmenon,
938 2352 1045 2426 quinta
1059 2350 1148 2408 dia-ll

179 2582 194 2628 3
214 2578 376 2629 concentus:
396 2577 529 2628 coventus
544 2574 588 2641 H,
607 2575 759 2628 conventus
777 2573 811 2639 G,
828 2571 929 2626 euent'
942 2574 969 2628 S.
994 2576 998 2643 1
1022 2572 1071 2642 qui
1086 2602 1113 2612 —

106 2648 145 2716 (4)
160 2646 291 2700 dicuntur
311 2649 360 2701 del.
381 2647 468 2700 Rebar
487 2648 530 2713 (cf.
547 2647 718 2713 p.112,11).
746 2645 755 2711 11
783 2649 800 2696 4
817 2644 938 2714 pthongi
952 2645 998 2712 H,
1019 2641 1114 2714 ptongi

106 2719 167 2773 ΘΒ.
191 2720 199 2787 11
223 2723 238 2771 6
257 2718 299 2771 ita
318 2735 367 2772 om.
385 2717 410 2771 G
428 2718 527 2786 (suppl.
544 2717 598 2785 (3⁰).
624 2718 633 2783 11
658 2722 674 2769 8
694 2715 868 2769 diatesseron
886 2718 940 2785 (bic
958 2723 984 2770 et
1002 2717 1034 2770 iu
1052 2732 1114 2784 seqq.

104 2791 219 2858 semper)
241 2789 273 2843 G.
297 2792 301 2860 1
325 2791 354 2842 et
372 2806 421 2842 oua
436 2806 463 2842 x.
491 2789 500 2856 11
529 2792 560 2839 11
580 2787 672 2840 locum
688 2819 718 2826 -
735 2788 790 2855 (12)
808 2787 934 2840 habeant
954 2789 996 2842 bis
1015 2789 1115 2855 scripta

107 2863 139 2914 iu
153 2861 187 2914 H
207 2863 318 2929 (priora
341 2861 391 2914 del.
411 2860 471 2926 H0).
504 2864 512 2926 11
546 2863 578 2910 13
602 2857 744 2927 semipede
766 2876 793 2911 a.
819 2858 823 2927 1
849 2860 1003 2926 contraque
1016 2889 1053 2898 -
1066 2857 1116 2927 (15)

106 2966 249 3035 semipede
268 2984 317 3021 om.
334 2966 359 3022 S.
375 2968 384 3035 11
400 2971 433 3018 14
451 2942 611 3018 inferiordm
625 2964 663 3018 H.
681 2968 684 3033 1
700 2964 809 3034 graduii
826 2964 863 3018 G:
883 2964 1019 3032 gradihus
1035 2965 1068 3018 H
1071 2964 1096 3019 S.
1107 2960 1117 3034 11

110 3044 142 3092 15
163 3039 303 3107 semipede
322 3056 349 3092 x.
373 3039 382 3105 11
406 3043 438 3089 17
459 3035 483 3088 si
502 3041 538 3088 au
557 3037 672 3106 (autem)
690 3051 747 3088 non
763 3035 790 3089 S.
813 3038 822 3104 11
846 3041 879 3088 20
899 3051 932 3088 ea
951 3036 1052 3090 echea:
1071 3049 1116 3088 eae

108 3130 151 3200 <ee
171 3126 204 3196 S)
233 3127 301 3180 echo
329 3144 357 3180 x.
388 3125 391 3195 1
422 3124 458 3177 ad
484 3111 589 3189 nethen
616 3125 664 3180 θοι
693 3125 828 3178 adnetent
846 3125 889 3192 H,
918 3124 954 3177 ad
982 3127 1048 3179 nete
1067 3121 1117 3194 81

107 3204 140 3251 21
157 3198 285 3252 sonantia
299 3199 329 3251 H
344 3200 410 3266 (pou
425 3197 497 3265 GS).
512 3197 521 3265 11
535 3201 569 3247 23
584 3195 621 3248 ad
635 3198 720 3248 neten
733 3195 964 3265 diezeugmenon:
985 3197 1024 3249 ad
1037 3197 1117 3250 neten

109 3288 165 3357 (H,
187 3289 252 3341 nete
267 3288 295 3353 S,
318 3272 422 3350 nethen
444 3286 490 3354 G0)
512 3286 566 3353 sy(i
586 3285 790 3353 G)nhemmenu
809 3284 891 3353 (HG,
915 3301 1070 3352 synemenu
1087 3283 1116 3350 S)

107 3394 135 3431 x.
154 3378 163 3446 11
182 3363 224 3428 24¹
236 3376 272 3430 ad
290 3389 469 3444 paramesen:
489 3374 629 3427 adnethen
649 3374 729 3441 (HG.
748 3377 833 3426 neten
847 3373 875 3438 S,
892 3360 999 3437 nethen
1015 3374 1061 3442 G0)
1083 3370 1116 3424 ad

107 3463 274 3515 paramesen
292 3450 367 3514 (-s0n
382 3447 414 3515 S)
433 3463 461 3499 a.
483 3445 486 3515 1
508 3444 629 3498 adneten
648 3442 762 3513 (nethen
775 3444 820 3513 H)
840 3443 884 3496 sin
902 3444 1052 3497 hemmenu
1070 3441 1117 3513 (H,

110 3518 273 3572 sinhemenu
288 3518 323 3584 G,
342 3532 493 3585 synemenu
508 3517 541 3584 S)
559 3534 586 3570 a.
611 3518 614 3585 1
638 3515 737 3583 quinta
757 3515 793 3567 ad
813 3514 989 3568 diatessaron
1004 3514 1032 3569 S.
