2416 3922
119 159 182 223 166
538 157 703 212 VITRUVII

36 318 38 327 '
113 312 217 386 postea
232 311 331 367 autem
345 326 445 384 supra,
464 308 677 366 trullissatione
692 307 906 381 subarescente,
923 305 1127 365 deformentur

113 398 287 457 directiones
315 397 466 470 harenati,
495 397 541 454 uti
571 395 771 472 longitudines
800 394 839 453 ad
864 395 1002 472 regulam
1030 398 1060 454 et
1087 396 1125 453 ad

112 487 236 560 lineam,
264 485 436 544 altitudines
461 484 497 542 ad
520 484 776 560 perpendiculum,
801 483 905 561 anguli
927 483 966 542 ad
989 502 1125 542 normam

112 566 331 656 relspondentes
350 574 512 651 exigantur.
549 592 677 648 namque
695 573 737 632 sic
757 572 912 631 emendata
930 573 1125 632 tectoriorum
1132 582 1169 635 (²⁰)

112 664 151 720 in
166 663 289 738 picturis
314 663 370 720 erit
393 663 513 738 speeies.
549 661 765 736 subarescente,
787 663 895 719 iterum
919 664 950 719 et
970 661 1062 721 tertio
1080 661 1148 722 ins

112 752 244 810 dueatur.
280 751 324 809 ita
348 770 414 809 oum
436 750 588 808 fundatior
610 751 667 808 erit
690 769 724 808 ex
745 750 887 808 harenato
907 748 1067 825 directura,
1091 769 1123 809 eo

77 855 93 904 a
112 840 224 897 firmior
243 841 299 897 erit
318 840 356 898 ad
368 842 549 898 vetustatem
567 839 702 898 soliditas
716 839 841 898 tectorii.
874 858 942 897 cum
955 838 993 896 ab
1012 839 1124 897 harena

112 931 231 1004 praeter
252 928 498 987 trullissationem
524 947 584 986 non
612 927 708 986 minus
732 927 825 986 tribus
849 926 936 986 coriis
959 927 1052 986 fuerit
1075 927 1123 986 de-

111 1019 281 1092 formatum,
302 1012 306 1094 1
326 1020 397 1075 tunc
420 1037 435 1075 e
458 1034 604 1074 marmore
631 1035 741 1092 graneo
765 1015 939 1074 directiones
963 1018 1035 1074 sunt
1058 1016 1168 1078 sub-(2⁵)

111 1106 245 1182 igendae,
269 1106 338 1163 dum
360 1107 404 1163 ita
425 1100 429 1183 1
449 1105 587 1164 materies
610 1107 791 1180 temperetur
812 1104 860 1162 uti
882 1123 950 1163 cum
968 1095 1124 1182 subigatur
1132 1111 1179 1168 108

111 1213 171 1253 non
202 1195 325 1252 haereat
356 1193 394 1252 ad
425 1197 553 1268 rutrum,
586 1193 637 1252 sed
663 1213 771 1269 purum
797 1195 909 1251 fernim
936 1212 952 1250 e
978 1194 1123 1252 mortario
1136 1214 1159 1252 11

110 1282 259 1341 liberetur.
305 1301 414 1360 graneo
438 1283 558 1340 inducto
582 1285 612 1340 et
634 1282 830 1356 inarescente,
858 1282 986 1340 alterum
1010 1282 1124 1341 corium

110 1372 256 1430 mediocre
275 1371 429 1448 dirigatm
465 1372 496 1429 id
515 1391 582 1429 cum
605 1369 760 1429 subactum
781 1370 871 1429 fuerit
894 1373 924 1428 et
942 1369 1018 1429 bene
1035 1371 1123 1430 frica·

110 1462 184 1534 tum,
207 1459 345 1518 subtilius
367 1460 533 1518 inducatur.
577 1459 622 1516 ita
642 1453 646 1537 1
667 1479 734 1517 cum
760 1459 855 1518 tribus
878 1459 965 1518 coriis
992 1458 1123 1518 harenae
1131 1469 1157 1521 (5)

111 1552 140 1606 et
167 1549 239 1606 item
265 1548 421 1607 marmoris
451 1548 570 1607 solidati
598 1547 726 1623 parietes
754 1548 877 1622 fuerint,
905 1566 1004 1623 neque
1031 1547 1157 1608 rimasse

80 1653 208 1712 lneque
232 1636 313 1694 aliud
331 1637 438 1695 vitium
460 1637 492 1694 in
515 1656 545 1695 se
568 1636 697 1712 recipere
719 1639 867 1711 poterunt.
907 1635 958 1695 sed
977 1639 1008 1694 ot
1031 1637 1123 1695 liacu-

110 1725 207 1782 lorum
235 1724 456 1784 subactionibus
483 1725 608 1783 fundata
637 1725 787 1784 soliditate
815 1725 1031 1800 marmorisque
1056 1743 1123 1784 can·

111 1814 181 1871 dore
212 1813 297 1872 firmo
329 1813 474 1890 levigata,
506 1813 651 1872 coloribus
680 1832 746 1871 cum
772 1812 965 1889 politionibus
991 1813 1122 1874 inductis

110 1901 220 1961 nitidos
240 1901 404 1977 expriment
423 1903 600 1978 splendores.
638 1902 749 1961 colores
768 1904 876 1977 autem,
897 1896 901 1980 1
921 1901 980 1960 udo
994 1903 1121 1962 tectorio
1130 1911 1167 1963 (1⁰)

110 2008 177 2047 oum
200 1990 357 2067 diligenter
380 1993 449 2050 sunt
471 1991 597 2065 inducti,
624 1991 691 2049 ideo
714 2009 774 2048 non
796 1991 953 2049 remittunt
976 1991 1030 2050 sed
1052 1994 1157 2050 suntso

109 2083 252 2154 perpetuo
284 2082 502 2154 permanentes,
535 2080 613 2154 quod
646 2080 710 2137 calx
741 2080 773 2136 in
804 2078 972 2138 fornacibus
1001 2082 1121 2138 excocto

109 2168 224 2243 liquore
246 2169 327 2226 facta
350 2167 522 2226 raritatibus
544 2167 679 2243 evanida,
701 2168 856 2226 ieiunitate
875 2171 978 2227 coacta
997 2169 1122 2244 corripit

108 2257 194 2315 inse
218 2276 294 2333 quae
317 2276 363 2316 res
386 2259 462 2316 forte
486 2258 686 2334 contigerunt,
713 2255 963 2331 mixtionibusque
991 2276 1028 2315 ex
1053 2257 1120 2316 aliis

108 2346 307 2420 potestatibus
331 2346 457 2404 conlatis
480 2345 639 2404 seminibus
663 2363 714 2403 seu
736 2344 889 2420 principiis
916 2364 977 2403 una
1005 2337 1120 2427 solilde-
1129 2355 1166 2407 (1⁵)

110 2435 229 2509 scendo,
260 2433 293 2492 in
325 2434 556 2510 quibuscumque
588 2433 726 2492 membris
759 2436 804 2492 est
834 2434 964 2492 formata
991 2452 1061 2493 cum
1086 2434 1155 2494 titre

110 2523 193 2579 arida
220 2523 366 2599 redigitur
392 2524 438 2581 uti
465 2525 512 2582 sui
538 2523 653 2600 generis
680 2522 815 2597 proprias
843 2522 982 2580 videatur
1010 2523 1119 2582 habere

75 2610 279 2685 8qualitates.
324 2612 426 2687 itaque
453 2612 578 2670 tectoria
606 2629 683 2686 quae
710 2613 788 2669 recte
816 2613 885 2669 sunt
912 2613 994 2669 facta
1024 2631 1119 2688 neque

109 2698 307 2757 vetustatibus
326 2700 401 2758 fiunt
420 2700 548 2775 horrida,
567 2719 662 2775 neque
676 2718 743 2758 cum
760 2702 948 2776 extergentur
961 2701 1120 2760 remittunt

110 2787 234 2862 colores,
262 2788 319 2847 nisi
346 2789 372 2847 si
400 2809 507 2864 parum
534 2789 691 2865 diligenter
719 2791 749 2846 et
775 2789 807 2846 in
830 2788 913 2846 arido
940 2788 1053 2848 fuerint
1074 2789 1118 2848 in·

181 2980 195 3028 1
215 2975 447 3028 trullissationem
465 2976 522 3044 (ne
539 2976 574 3045 G)
592 2974 626 3029 H
629 2975 655 3030 G-
673 2976 732 3044 (ne
746 2973 789 3042 S).
807 2977 817 3044 11
835 2979 851 3026 2
871 2973 1046 3029 deiectiones
1064 2993 1091 3031 a.
1111 2976 1116 3048 1

108 3079 151 3135 uti
166 3081 200 3134 H
204 3082 240 3136 G:
261 3083 293 3135 ut
307 3082 334 3137 S.
348 3083 357 3151 11
371 3087 388 3133 4
402 3082 540 3135 tectorum
553 3099 580 3136 a.
595 3084 604 3152 11
618 3087 633 3134 6
654 3058 859 3135 cdmfundatior
873 3080 911 3134 Η.
928 3084 932 3151 1
949 3079 1031 3152 ha(a
1042 3081 1075 3152 S)
1106 3113 1118 3122 -

108 3154 178 3205 nata
192 3154 243 3221 (-to
260 3153 295 3221 G)
315 3152 460 3206 derectura
473 3170 501 3206 a.
516 3155 555 3222 19
574 3168 678 3223 ganeo
697 3151 806 3222 (granio
824 3151 919 3218 Faus
938 3152 1059 3221 grandio
1072 3171 1099 3208 a.

109 3222 281 3277 detectiones
299 3240 327 3278 a.
346 3224 356 3292 11
376 3229 407 3276 12
427 3239 544 3292 graneo:
563 3222 663 3293 grandi
681 3241 708 3277 x.
723 3225 732 3292 11
747 3227 780 3275 16
799 3221 966 3276 liaculorum
984 3225 1045 3294 (sic)
1063 3242 1091 3279 a.
1108 3223 1111 3294 1

110 3298 142 3345 17
162 3293 311 3348 candorem
325 3296 362 3362 (e
379 3294 556 3365 68111118
575 3293 698 3364 levigate
712 3295 768 3364 (ae
785 3294 821 3362 G)
835 3311 862 3346 a.
876 3294 885 3362 11
902 3297 934 3346 19
953 3293 1024 3349 udo:
1042 3294 1116 3349 nudo

107 3381 135 3418 a.
158 3366 167 3433 11
191 3371 224 3417 22
244 3364 365 3420 evanida
385 3364 423 3419 G:
444 3363 596 3419 &evanida
615 3365 740 3435 HStG⁶).
763 3366 773 3433 1
796 3368 829 3416 23
848 3364 934 3419 forte:
953 3367 1036 3435 porte
1055 3367 1089 3421 G.
1106 3364 1116 3436 11

108 3439 142 3486 26
161 3434 271 3489 videtur
288 3455 315 3490 a.
339 3438 348 3505 11
371 3440 404 3487 21
424 3439 516 3490 rectae
531 3436 566 3489 Η
576 3463 610 3482 --
624 3438 698 3489 recte
720 3435 757 3490 G:
777 3436 820 3488 -te
838 3433 864 3488 S.
888 3436 897 3503 11
921 3440 954 3488 29
974 3436 1031 3490 nisi
1050 3435 1116 3509 (si)

106 3521 193 3574 supro
211 3508 274 3561 add.
290 3507 321 3563 bf
338 3509 380 3576 (ut
396 3508 428 3560 c'u
445 3525 500 3562 ras.
515 3525 544 3576 p,
560 3512 623 3576 105,
632 3509 687 3573 28).
713 3512 717 3573 1
741 3505 858 3559 inducta
875 3523 902 3561 x.
