2416 3922
149 178 214 243 296
473 176 510 231 M
530 175 612 231 cunr
629 175 830 230 ιιιιιιιιιι

28 323 102 363 xvn.
43 323 151 417 m}
243 327 382 386 Gamerae
397 328 546 386 structiles
559 326 696 385 fortiores
713 328 809 384 amnt
840 325 984 402 figulinae
1003 329 1104 384 autem
1122 325 1157 384 ad

21 432 52 470 ιιι
52 431 104 470 ιιιι
78 441 161 470 mm
178 409 182 499 l
194 417 446 494 contignationem
460 415 731 492 suspendanturita
744 419 779 473 ut
793 415 905 473 catenis
919 414 1071 473 ancoratis
1084 413 1155 473 fixae
1164 421 1197 474 (ιι)

15 501 85 605 gig
93 500 118 606 15
121 502 162 604 4¹0⁰
176 505 296 582 tegulae
315 505 398 565 velut
420 505 545 581 palliola
564 523 639 580 quae
658 522 804 563 cameram
822 503 967 562 circinent
984 503 1157 562 sustineant.

148 553 299 675 leadem
320 594 435 652 ratione
459 597 490 652 et
510 594 616 669 planas
640 611 770 652 cameras
792 593 892 651 facies.
928 591 1036 651 utilius
1060 595 1207 655 autemltl

149 683 370 758 disponetur,
348 702 373 741 ιι
391 682 512 760 regulae
525 683 574 741 vel
592 700 677 740 arcus
694 682 783 740 ferrei
800 680 883 756 fiant,
901 683 936 739 ut
954 680 1039 740 uncis
1056 681 1179 740 ferreiss

150 771 188 829 ad
206 771 458 848 contignationem
476 770 695 846 suspendantur
712 769 757 828 ita
770 773 805 828 ut
817 725 990 847 tegillarum
1002 769 1157 828 iuncturae

150 879 238 936 super
250 861 369 937 reginas
383 861 431 919 vel
451 878 534 919 arcus
553 859 734 918 recumbant.
771 858 935 934 superiores
955 877 1026 936 ergo
1045 858 1156 918 iunctu-

148 969 199 1007 rae
220 944 224 1027 Ι
245 968 280 1007 ex
307 949 415 1024 capillo
444 948 551 1026 argilla
574 947 697 1007 subacta
723 947 866 1006 linantur.
911 947 1037 1006 inferior
1060 950 1189 1007 autema)

148 1056 217 1114 pars
241 1038 394 1097 iuncturae
417 1055 492 1112 quae
517 1037 554 1095 ad
576 1035 780 1112 pavimentum
798 1035 945 1111 spectabit
963 1037 1061 1112 primo
1081 1036 1156 1095 calce

149 1145 217 1184 cnm
234 1129 312 1185 testa
330 1128 497 1202 temperata
514 1125 691 1200 trullizetur‚
710 1124 815 1184 deinde
829 1124 942 1183 albario
958 1125 1021 1184 sive
1035 1127 1157 1184 tectorio
1169 1143 1190 1182 ιι

150 1234 237 1291 opere
255 1214 422 1273 inducatur.
467 1215 561 1273 maior
573 1217 685 1291 xtamen
712 1217 742 1273 et
765 1212 937 1290 diligentiae
961 1217 993 1272 et
1019 1213 1157 1272 utilitatis

149 1305 226 1362 ratio
245 1302 370 1379 videtur,
389 1305 415 1362 si
432 1302 565 1378 duplices
585 1303 760 1361 balnearum
778 1321 911 1361 camerae
932 1302 1018 1378 fiant,
1039 1302 1158 1362 inferior

150 1383 292 1474 caemenlt
293 1393 350 1450 icia
369 1395 399 1450 et
418 1391 551 1467 superior
565 1410 714 1467 suspensa.
750 1392 829 1450 inter
842 1391 917 1450 duas
932 1391 1013 1450 enim
1029 1399 1200 1452 cameraslwl

149 1499 236 1538 umor
248 1484 381 1539 retentus
395 1499 558 1556 numquam
571 1479 692 1539 vitiabit
705 1480 951 1557 contignationes
989 1480 1157 1540 sudationes

150 1568 241 1628 etiam
262 1569 495 1644 praestabuntur
516 1570 662 1628 meliores
1169 1585 1190 1627 M

17 1649 164 1751 Χνᾞιίοξξ
245 1655 498 1716 Considerandum
521 1659 577 1716 erit
598 1661 633 1716 ut
655 1658 751 1717 solum
772 1657 890 1715 firmum
913 1657 953 1715 sit
976 1661 1007 1716 et
1031 1658 1158 1734 aequale,

31 1758 74 1796 ιιι
88 1756 151 1804 pavr-
178 1748 250 1803 tnnc
263 1745 354 1804 rudus
367 1745 527 1804 inducatur
541 1750 572 1805 ιι
583 1746 717 1806 vectibus
731 1745 837 1824 ligneis
852 1749 1010 1805 contusum
1024 1747 1158 1806 calcetur.

23 1813 158 1932 ᾚοζῗ·
180 1852 270 1909 supra
286 1824 314 1914 1
305 1853 430 1910 mpensa
447 1837 579 1894 testacea
593 1836 719 1894 crassior
731 1835 888 1893 inducatur
902 1837 933 1893 ct
945 1835 1058 1894 iterum
1072 1835 1199 1895 vecti-l
1164 1843 1199 1894 (ιι)

149 1922 205 1981 bus
218 1925 342 1982 contusa
355 1923 505 1982 solidetur.
541 1924 631 1984 tertio
649 1924 771 1983 nucleus
789 1924 820 1981 id
838 1923 909 1982 ιιι
900 1943 1027 2000 inpensa
1045 1924 1159 1983 mollior

149 2010 315 2087 inducatur,
338 2015 368 2070 ιι
389 2012 582 2088 politionibus
605 2013 734 2072 insistas.
771 2032 808 2071 ne
825 2013 916 2071 rimas
934 2013 1059 2135 inutiles
1081 2014 1190 2089 operia

149 2100 306 2176 relinquat

18 2180 162 2335 ἶωθὲζὴ
249 2189 285 2247 In
317 2189 587 2267 contignationibus
619 2189 777 2266 diligenter
803 2130 1020 2264 respiciendum
1053 2195 1099 2250 est
1127 2192 1159 2248 ut

110 2278 344 2381 ‹nep-lacqualitas
367 2278 424 2337 soli
446 2277 600 2354 dirigatur.
640 2279 713 2336 item
731 2278 829 2337 danda
852 2281 897 2336 est
919 2297 1011 2355 opera
1033 2299 1072 2338 ne
1095 2297 1159 2338 axes

56 2351 150 2434 Melia,
133 2352 305 2448 emquerlcei
323 2387 390 2426 cum
408 2367 564 2425 aesculinis
579 2367 831 2426 commisceantur.
867 2386 937 2425 nam
955 2386 1083 2443 quercus
1097 2375 1201 2428 cumoa

34 2465 125 2557 Viti*
107 2467 125 2518 ι
140 2468 151 2505 1
180 2457 300 2555 accepto
314 2475 416 2515 umore
431 2456 587 2514 siccescere
602 2457 731 2531 coeperit
745 2458 884 2514 arcuatur
893 2456 960 2514 ιι
935 2475 1028 2515 rnnas
1042 2456 1159 2516 inutiles
1171 2473 1192 2515 ιι

18 2517 60 2568 (P
100 2521 118 2572 ¹⁹
132 2519 160 2570 9)
180 2543 917 2621 opemefficretaesculusdnlrgentercompos1taad
930 2546 1160 2621 perpetuitatem

150 2631 277 2690 dmabit.
314 2652 417 2692 verum
439 2633 466 2692 si
487 2634 590 2708 inopia
608 2633 666 2692 loci
685 2634 820 2692 aesculus
839 2633 1009 2709 defuerit,
1000 2655 1033 2693 m
1051 2636 1159 2694 tenuis·

150 2720 240 2779 simos
263 2739 332 2779 axes
356 2740 480 2797 quercus
504 2724 625 2796 secetur,
649 2724 679 2780 et
701 2724 831 2798 primum
852 2724 885 2779 in
907 2721 1020 2781 directo
1044 2723 1159 2783 iactatis

151 2809 263 2883 axibus,
284 2803 287 2887 l
308 2810 497 2885 sequentibus
512 2811 544 2868 in
556 2814 725 2869 transuerso
740 2811 851 2885 stratis,
869 2810 933 2869 bini
951 2812 1046 2871 clavis
1061 2813 1201 2872 crebroou

151 2898 190 2956 ad
217 2898 469 2976 contignationem
496 2899 616 2958 confixis
644 2899 759 2958 utiliter
782 2899 865 2975 operi
887 2899 1081 2960 subicieutur.
1125 2901 1192 2960 dea

150 3005 232 3045 cerro
256 2990 309 3045 aut
330 2988 401 3065 fago
425 3006 476 3046 seu
502 2988 588 3046 farno
612 2988 799 3047 coaxationes
822 2988 896 3047 haut
918 2989 957 3048 ad
980 2984 1160 3050 vetustatem

149 3078 293 3151 poterunt
322 3094 502 3151 permanere.
552 3076 672 3134 iactatis
703 3078 736 3135 in
768 3076 900 3136 ordinem
933 3081 963 3136 et
991 3079 1160 3155 compositis

151 3164 254 3223 axibus
285 3163 348 3221 filix
379 3168 432 3223 aut
452 3157 456 3245 Ι
476 3166 580 3239 paleae
612 3165 777 3240 aequaliter
813 3168 1089 3245 superstemantur,
1124 3170 1157 3226 ut
1170 3182 1173 3219 ι
1187 3178 1208 3217 ιι

150 3253 240 3311 calcis
267 3272 352 3312 umor
375 3252 414 3312 ad
442 3272 509 3312 axes
536 3255 689 3329 pervenire
716 3273 776 3313 non
797 3255 900 3330 possit.
946 3259 1019 3315 tnnc
1041 3256 1160 3333 insuper

151 3342 361 3400 statuminetur
392 3360 462 3401 saxo
493 3362 530 3400 ne
562 3343 669 3401 minori
701 3362 790 3418 quam
822 3343 874 3418 qui
909 3344 1006 3419 possit
1041 3353 1192 3405 manum„

151 3430 282 3505 implere.
336 3430 546 3490 statuminibus
575 3426 746 3509 (inductis)
773 3431 874 3490 ruderi
906 3451 958 3492 seu
990 3454 1070 3494 novo
1102 3435 1160 3494 sive

150 3518 282 3577 redivivo
307 3518 344 3576 ad
367 3519 440 3578 duas
463 3522 563 3594 partes
586 3539 646 3578 una
669 3520 757 3579 calcis
775 3512 954 3602 milsceatur.
990 3522 1085 3583 rudus
1104 3518 1191 3603 [estol
