2416 3922
347 169 395 224 on
414 167 695 225 maurinorum
712 169 779 226 nm,
798 170 832 238 n,
852 176 868 224 e
1068 171 1109 235 57

41 321 193 398 (ampelos
239 321 338 380 ulmus
359 315 362 400 1
383 339 452 380 vero
480 323 511 380 et
536 320 669 380 fraxinus
696 321 840 380 maximos
862 320 973 379 habent
995 340 1115 381 umores

95 409 314 485 minimumque
347 409 423 469 aeris
456 412 486 468 et
517 408 609 487 ignis,
639 410 749 468 terreni
779 413 943 485 temperate
970 410 1115 470 mixtione

45 507 82 563 58
97 501 298 575 comparatae.
337 501 406 558 sunt
428 498 460 556 in
481 493 485 577 1
506 498 644 575 operibus
668 514 735 557 cum
757 498 940 558 fabricantur
961 499 1059 558 lentae
1083 503 1116 558 et

98 587 136 647 ab
154 587 286 665 pondere
300 587 411 647 umoris
425 607 485 646 non
498 586 609 645 habent
622 587 751 664 rigorem
770 591 801 646 et
819 587 954 647 celeriter
970 588 1113 663 pandant.

70 677 190 738 ssimul
214 679 314 735 autern
332 678 481 735 vetustate
505 678 574 735 sunt
598 676 696 734 aridae
718 678 816 735 factae
836 678 936 735 autin
956 696 1027 754 agro
1045 697 1113 754 pro·

97 767 178 826 iecto
202 764 254 842 qui
275 765 355 824 inest
378 765 420 824 eis
438 764 555 840 liquore
574 767 686 824 stantes
707 765 899 842 emoriuntur,
922 765 998 824 fiunt
1016 766 1115 826 durio·

60 863 89 916 (ὅ)
97 873 150 914 res
161 857 193 913 et
210 854 243 912 in
261 852 461 914 commissuris
480 855 510 912 et
530 847 534 931 1
555 854 860 931 coagmentationibus
880 854 916 912 ab
935 855 1115 914 lentitudine

98 944 201 1002 firmas
233 941 382 1018 recipiunt
414 942 623 1001 catenationes.
677 943 751 1001 item
784 943 922 1018 carpinus
955 943 1034 1018 quod
1070 947 1168 1006 ostra

98 1031 225 1091 minima
252 1031 330 1108 ignis
359 1034 389 1090 et
410 1032 521 1090 terreni
543 1031 700 1105 mixtione,
728 1032 803 1091 aeris
827 1035 927 1090 autern
950 1035 980 1090 et
1001 1033 1114 1092 umoris

62 1138 87 1178 ro
100 1140 219 1182 summa
238 1120 407 1179 continetur
428 1122 638 1195 temperatura,
661 1139 721 1179 non
745 1123 790 1180 est
812 1120 928 1197 fragilis
951 1120 1002 1180 sed
1025 1121 1115 1181 habet

99 1209 293 1269 utilissimam
323 1207 576 1268 tractabilitatem.
631 1209 732 1284 itaque
766 1207 871 1268 Graeci
903 1209 981 1284 quod
1010 1228 1049 1288 ‚ex
1081 1230 1115 1269 ea

54 1299 229 1359 (1⁰)materia
255 1298 327 1375 iuga
353 1297 493 1356 iumentis
522 1300 707 1372 comparant,
736 1297 815 1373 quod
843 1298 921 1374 apud
941 1293 945 1373 Ι
967 1316 1015 1357 eos
1043 1298 1116 1376 iuga

101 1390 184 1460 ζυγα
207 1386 386 1462 vocitantur,
408 1387 481 1444 item
504 1387 621 1463 zygiam
644 1406 710 1444 earn
733 1387 893 1462 appellant.
935 1406 995 1446 non
1017 1388 1115 1447 minus

101 1479 148 1536 est
177 1475 385 1534 admnandum
412 1475 448 1534 de
471 1493 608 1551 cupresso
632 1477 663 1534 et
685 1476 771 1551 pinu,
797 1474 877 1551 quod
899 1494 950 1534 eae
972 1475 1115 1535 habentes

64 1585 88 1627 re
101 1566 215 1625 umoris
231 1563 442 1623 abundantiam
457 1583 641 1639 aequamque
655 1567 819 1624 ceterorum
832 1564 1014 1639 mixtionem,
1028 1583 1116 1641 prop·

100 1658 149 1714 ter
171 1654 283 1712 umoris
307 1652 476 1712 satietatem
497 1654 529 1711 in
553 1652 689 1728 operibus
713 1654 809 1712 solent
832 1672 895 1712 esse
917 1654 1041 1729 pendae,
1065 1654 1117 1714 sed

53 1745 134 1808 (ruin
152 1744 333 1802 vetustatem
352 1741 414 1801 sine
432 1741 515 1801 vitiis
534 1744 754 1817 conservantur,
777 1742 857 1818 quod
875 1743 900 1801 is
918 1743 1018 1818 liquor
1038 1737 1041 1820 1
1063 1743 1116 1819 qui

101 1832 182 1892 inest
204 1831 323 1908 penitus
345 1830 377 1888 in
400 1829 570 1905 corporibus
594 1849 695 1889 earum
712 1831 803 1890 habet
821 1851 954 1889 amarum
972 1851 1117 1907 saporem,

103 1922 157 1997 qui
179 1922 303 1997 propter
324 1918 521 1978 acritudinem
543 1938 602 1977 non
624 1919 740 1995 patitur
762 1922 916 1995 penetrare
936 1922 1044 1979 cariem
1066 1940 1116 1979 ne·

65 2032 90 2072 ro
103 2029 162 2086 que
191 2027 240 2068 eas
267 2008 408 2068 bestiolas
436 2027 512 2083 quae
539 2010 610 2066 sunt
637 2010 784 2067 nocentes.
829 2009 957 2084 ideoque
980 2029 1055 2084 quae
1082 2029 1117 2067 ex

102 2099 151 2158 hie
174 2096 332 2174 generibus
355 2115 444 2173 opera
468 2097 691 2156 constituuntur
712 2101 887 2174 permanent
910 2097 947 2156 ad
967 2102 1117 2156 aeternam

103 2185 341 2245 diuturnitatem.
391 2186 464 2243 item
492 2185 595 2244 cedrus
623 2189 653 2244 et
679 2186 825 2260 iunipirus
858 2185 976 2244 easdem
1007 2186 1117 2244 habent
1136 2200 1170 2248 13

51 2289 93 2341 (eo)
102 2277 232 2336 virtutes
253 2266 258 2356 1
279 2276 309 2332 et
334 2273 495 2349 utffitates,
524 2275 576 2332 sed
599 2274 845 2350 quemadmodum
868 2293 903 2330 ex
926 2292 1063 2349 cupresso
1087 2278 1117 2333 et

103 2365 180 2442 pinu
198 2363 305 2437 resina,
329 2382 364 2421 ex
382 2362 468 2422 cedro
488 2363 586 2421 oleum
605 2362 684 2438 quod
703 2362 833 2421 cedrium
852 2362 960 2420 dicitur
977 2362 1117 2438 nascitur,

65 2476 89 2516 as
105 2471 164 2530 quo
188 2452 322 2527 reliquae
342 2470 389 2510 res
408 2471 474 2510 curn
493 2454 564 2509 sunt
581 2454 697 2525 unctae,
719 2451 765 2509 uti
783 2450 874 2510 etiarn
891 2451 970 2524 libri,
993 2451 1117 2512 atineis

105 2546 136 2602 et
164 2541 242 2601 carie
269 2558 328 2599 non
355 2540 521 2598 laeduntur.
573 2539 685 2599 arboris
714 2543 813 2598 autem
840 2539 903 2599 eius
935 2543 980 2599 est
1012 2540 1117 2602 similis

179 2681 193 2728 1
212 2674 350 2728 maximoe
366 2716 371 2728 .
388 2718 393 2728 .
410 2717 415 2729 .
431 2673 535 2727 umoris
554 2674 620 2742 (res
636 2672 763 2741 G⁶)HG:
788 2673 911 2728 maxims
928 2717 933 2728 .
950 2716 955 2728 .
972 2717 977 2729 .
992 2674 1117 2729 humoris

105 2747 132 2803 S.
152 2749 161 2817 Ι]
181 2752 196 2799 2
215 2747 370 2827 temperate
388 2743 523 2798 mixtione
539 2745 577 2800 G:
596 2746 753 2814 temperata
769 2748 773 2812 Ι
790 2744 941 2799 emixtione
955 2746 995 2813 H,
1013 2749 1118 2816 tempe-

104 2821 170 2872 rata
189 2815 340 2872 emixtronc
355 2815 382 2871 S.
403 2817 412 2885 ΙΙ
433 2823 450 2869 4
468 2815 596 2884 pandant
610 2816 643 2868 H
647 2815 678 2871 S:
696 2815 826 2885 pandunt
841 2817 874 2871 G.
894 2818 903 2885 ΙΙ
922 2822 937 2870 ὃ
956 2816 1049 2887 plecte
1069 2817 1118 2885 qui

104 2891 150 2944 cst
169 2887 210 2942 eis
228 2887 361 2956 liquore.
376 2888 385 2957 ΙΙ
400 2892 433 2940 12
452 2885 520 2955 iuga
539 2885 594 2955 zy(i
609 2887 710 2956 GS)za
724 2904 752 2941 c.
766 2888 776 2957 ΙΙ
791 2892 824 2939 13
843 2885 971 2955 sigaeum
985 2888 1036 2956 (H,
1054 2888 1119 2957 aiga

106 2976 170 3015 earn
186 2961 221 3026 θ,
239 2958 319 3029 aigea
332 2958 367 3028 S)
385 2956 533 3027 appellant
546 2975 573 3011 s.
588 2959 597 3026 ΙΙ
612 2963 645 3010 14
659 2957 726 3027 pind
740 2958 778 3012 H.
795 2958 799 3030 Ι
816 2974 866 3012 eae
880 2958 914 3012 H
917 2983 924 3013 z
943 2959 996 3012 hae
1013 2959 1047 3024 G,
1065 2957 1118 3027 hec

106 3030 133 3086 S.
146 3033 158 3100 ΙΙ
173 3034 206 3083 rt
221 3029 258 3084 is:
276 3029 322 3083 his
338 3046 365 3083 a.
380 3030 389 3098 ΙΙ
404 3027 662 3083 cohertionem:
682 3029 716 3096 cf.
728 3046 758 3097 p.
773 3032 837 3097 147,
844 3033 888 3083 25.
904 3031 960 3098 {122
975 3028 1118 3097 iuniperus

105 3121 126 3158 x
140 3103 197 3171 (sed
210 3101 245 3168 cf.
256 3101 298 3154 Hc
312 3101 438 3169 166,11).
453 3101 462 3168 ΙΙ
476 3104 510 3152 23
526 3115 560 3153 ex
575 3101 687 3168 cupr(ae
697 3099 807 3168 H)essu
820 3099 890 3170 pinu
899 3117 919 3154 x
928 3099 1120 3171 (1110219111

107 3179 141 3227 24
156 3172 282 3226 cidreum
295 3190 316 3226 c
329 3169 416 3239 (cedri
430 3169 492 3224 oleo
501 3170 579 3224 Pleu.
594 3173 714 3238 16,197,
728 3169 840 3224 cedrino
855 3174 899 3238 32,
910 3175 953 3225 76.
974 3172 1064 3238 cfl24,
1074 3174 1118 3224 17.

107 3249 152 3312 16,
163 3247 212 3298 52:
237 3244 283 3297 lat.
307 3242 393 3296 citrus
416 3248 442 3296 ct
468 3240 586 3294 citream
600 3267 634 3286 =
648 3258 688 3310 gr.
713 3243 822 3308 κέδρος,
851 3244 972 3308 κέδριον,
1000 3242 1091 3309 -ινον).
1109 3241 1120 3314 t}

107 3320 141 3369 25
156 3317 257 3385 co(quo
267 3313 289 3369 S
293 3312 436 3384 Glrelique
447 3311 486 3366 H.
503 3314 507 3381 Ι
523 3310 618 3384 iuncta
629 3311 655 3367 S.
670 3314 679 3381 ΙΙ
694 3317 728 3364 26
743 3311 856 3366 arbores
871 3313 964 3365 autern
980 3311 1038 3365 eius
1054 3316 1119 3365 eunt

107 3384 215 3440 similes
224 3383 283 3456 (lis
294 3384 330 3454 G)
341 3399 505 3452 cupresseae
520 3382 670 3437 foliaturac
681 3385 731 3451 (sic
740 3382 780 3450 H,
790 3399 918 3452 cupresse
933 3382 1119 3438 aetoliaturae

109 3457 145 3525 G,
159 3471 290 3538 oppresse
305 3454 454 3578 efoliaturf
462 3454 492 3578 ff
508 3455 563 3594 eg?ej
578 3469 724 3527 cupressep
735 3454 776 3523 8⁶)
789 3471 810 3508 c
823 3455 882 3523 (ecbc'
896 3453 1008 3508 arbores
1024 3456 1119 3509 autem

446 3541 461 3578 o
486 3541 503 3577 a
568 3569 573 3580 .

107 3527 215 3582 eimrles
234 3542 364 3600 cupresep
382 3542 415 3580 ac
