2416 3922
1040 177 1117 232 XXV

174 322 230 390 (13)
253 319 287 374 Si
310 319 457 375 fistulae
481 319 608 388 aequalis
627 318 825 389 grossitudinis
848 318 953 373 fuerint
977 321 1005 373 et
1027 319 1117 373 maior

101 389 239 445 minorem
261 389 291 443 in
314 407 366 445 sua
388 390 565 462 longitudine
588 389 632 444 bis
655 389 787 444 habuerit
810 391 838 443 et
856 389 971 460 insuper
989 390 1117 444 concavi-

101 460 173 515 tatis
193 461 252 516 eius
271 461 447 528 diametrum,
467 461 636 531 diapason
655 460 868 516 consonantiam
887 463 923 514 ad
947 478 976 515 se
997 460 1117 515 invicem

49 573 51 580 .
101 532 281 587 resonabunt.
309 533 380 586 Item
400 533 424 586 si
441 533 537 586 fistula
554 533 644 586 maior
656 533 767 586 fistulae
782 531 898 586 minoris
911 532 1117 602 longitudinem

76 607 204 672 oquater
226 603 255 657 in
274 619 303 657 se
326 604 434 658 habeat
452 606 481 657 et
499 603 613 673 insuper
632 602 763 657 diametri
781 604 856 672 quod
874 602 904 656 in
923 620 992 657 cavo
1013 607 1055 657 est
1073 606 1117 658 ter

103 691 264 729 mensuram
278 675 430 743 contineat,
449 675 502 729 bis
522 675 691 744 diapason
709 674 922 728 consonantiam
936 675 1115 730 resonabunt.

102 745 173 800 Item
193 745 219 799 si
234 746 331 799 fistula
348 746 439 800 maior
456 745 592 800 minorem
610 745 640 798 in
659 762 688 799 se
710 748 801 799 totam
824 746 929 799 habeat
952 747 981 799 et
1003 745 1117 816 insuper

102 816 290 888 longitudinis
314 816 374 871 eius
397 816 512 872 tertiam
534 820 644 886 partem
661 833 713 871 nec
731 834 787 870 non
806 818 835 871 et
853 816 967 871 tertiam
986 816 1117 871 diametri

103 888 180 956 quod
207 889 238 941 in
266 904 335 942 cavo
364 890 418 957 est,
448 887 668 942 diatessaron
695 886 908 942 consonantiam
936 888 1115 942 resonabunt.

65 975 88 1014 ro
102 959 174 1014 Item
197 959 222 1013 si
244 958 340 1012 fistula
362 958 452 1013 maior
469 959 605 1012 minorem
628 957 658 1011 in
676 975 705 1012 se
724 960 815 1012 totam
832 958 938 1012 habeat
957 961 986 1012 et
1003 958 1117 1029 insuper·

103 1029 291 1099 longitudinis
315 1030 375 1084 eius
402 1029 584 1084 medietatem
608 1028 691 1082 simul
714 1047 777 1084 cum
804 1029 957 1083 medietate
986 1030 1117 1084 diametri

104 1101 180 1169 quod
198 1100 229 1155 in
248 1117 317 1155 cavo
337 1103 392 1168 est,
414 1100 578 1171 diapente
597 1099 810 1154 consonantiam
828 1101 1007 1155 resonabunt.
1045 1101 1116 1155 Item

104 1173 127 1226 si
150 1172 248 1226 fistula
270 1171 360 1226 maior
381 1172 487 1225 habeat
510 1172 540 1225 in
564 1188 593 1226 se
615 1171 737 1225 fistulam
761 1172 898 1225 minorem
916 1173 1007 1225 totam
1026 1176 1055 1225 et
1073 1172 1114 1225 in-

103 1259 188 1313 super
209 1242 395 1312 longitudinis
419 1243 478 1297 eius
502 1246 632 1297 octavam
653 1245 775 1313 partem,
799 1244 915 1296 tonum
937 1243 1115 1297 resonabunt.

65 1330 89 1368 rr>
102 1315 174 1368 Item
193 1314 218 1368 si
240 1313 336 1368 fistula
353 1313 443 1368 maior
460 1313 586 1368 fistulam
603 1313 739 1367 minorem
757 1312 787 1366 in
806 1330 835 1367 se
853 1312 961 1366 habeat
978 1316 1069 1366 totam
1087 1325 1116 1367 et

102 1384 218 1455 insuper
239 1383 425 1455 longitudinis
444 1385 504 1438 eius
527 1387 635 1454 partem
658 1391 766 1439 sextam
785 1383 935 1452 decimam,
958 1383 1028 1438 haec
1052 1401 1115 1438 con·

103 1455 235 1511 sonantia
254 1455 482 1510 semitonium
502 1456 563 1510 erit.

173 1651 195 1689 e.
215 1638 250 1688 13
269 1636 361 1689 eadem
377 1651 464 1689 marsa
481 1636 613 1704 scriptam
630 1635 690 1688 siae
707 1634 820 1688 rubrica
837 1634 959 1703 sequitat
977 1634 1008 1687 ia
1025 1635 1082 1688 solo
1096 1634 1118 1689 S

102 1709 163 1774 (om.
183 1705 223 1773 L,
246 1707 296 1759 abi
317 1707 439 1789 sequitur
460 1706 623 1789 redemptio
645 1705 764 1759 aomiais
786 1704 847 1759 Joa.
872 1709 915 1775 epi
938 1705 1117 1788 Wararieasis

100 1780 308 1929 sersal-
321 1774 988 1930 11111111111111111111
1006 1777 1114 1931 istst

100 1919 549 2045 &attestaris
562 1919 835 2044 ssi-tetta
847 1919 1115 2044 elestede

99 1992 214 2116 itaet
239 2007 311 2114 ria
335 2062 518 2130 framearum
540 2006 795 2115 awai-aar.
815 2063 869 2116 319
893 2077 914 2115 s.
935 2060 967 2114 x
990 2060 1115 2128 (sacar

100 2133 198 2198 Meter,
218 2131 305 2186 Oatal.
320 2133 346 2199 I,
359 2133 435 2200 290),
452 2133 565 2185 initiam
583 2132 668 2185 etiam
685 2132 717 2184 ia
734 2131 792 2186 cod.
811 2131 917 2186 Berlin.
936 2131 1020 2185 Pate.
1041 2135 1114 2184 1817

99 2219 120 2257 a.
140 2202 172 2255 X
189 2202 278 2271 (Vere.
297 2203 322 2271 I,
342 2205 414 2271 397).
434 2234 467 2242 -
487 2203 656 2256 additionem
680 2203 766 2255 aliam
790 2203 836 2255 hic
859 2203 939 2256 habet
957 2208 1020 2271 post
1038 2201 1115 2255 Finit

97 2290 179 2328 raam
198 2280 223 2328 et
240 2276 401 2328 seutentiam
424 2275 540 2327 latinam
561 2274 666 2344 praecis
689 2273 787 2328 litteris
809 2273 879 2327 male
901 2274 1034 2341 scriptam
1056 2275 1112 2327 cod.

98 2345 312 2413 Ercorialeasis,
335 2345 392 2400 scil.
416 2345 544 2413 epistolas
566 2345 650 2411 deas,
668 2360 785 2413 qaorum
807 2345 895 2397 altera
916 2344 951 2397 ab
969 2360 1113 2414 coapreya-

98 2418 171 2471 tione
197 2416 335 2471 beatorem
353 2415 486 2470 Medardi
511 2421 537 2470 et
555 2414 709 2470 Sebastiam
727 2412 759 2468 K.
778 2413 839 2482 regi
864 2415 932 2468 data
951 2414 1112 2483 (Sita-Ber.

98 2488 125 2542 d.
140 2487 250 2542 Wiener
259 2487 312 2541 Ale.
323 2488 371 2556 pla
384 2488 409 2541 t.
425 2486 475 2541 Kl.
489 2489 553 2553 112,
567 2490 638 2555 181).
658 2486 667 2554 11
686 2489 701 2537 9
717 2483 891 2539 diatesseron
905 2485 932 2541 S.
949 2486 953 2554 1
974 2485 1114 2539 sonabunt

99 2559 163 2627 (hie)
178 2557 204 2613 S.
224 2560 233 2624 11
255 2562 289 2610 14
307 2560 390 2612 tonus
405 2558 431 2612 S.
446 2560 455 2627 11
470 2562 502 2610 15
521 2556 616 2610 fistola
635 2556 698 2625 (tie)
713 2555 739 2611 S.
761 2557 770 2626 11
792 2560 823 2609 17
843 2557 977 2626 reliquam
990 2558 1114 2627 popinae

98 2630 235 2697 (caseum
253 2634 290 2684 18
308 2646 342 2683 ee
359 2631 406 2697 23)
423 2645 541 2684 oaeaam
558 2629 590 2682 ia
603 2627 630 2682 S.
