2416 3922
100 186 164 249 116
522 183 686 238 VITRUVH

101 337 204 410 altum,
227 354 284 394 vox
305 335 504 410 praeripietur
527 334 654 392 adeam
671 334 862 394 altitidinem
879 336 918 393 ad
937 354 1029 412 quam
1044 356 1104 412 per·

68 424 202 487 eveniet
232 424 336 499 primo.
387 424 537 482 orchestra
568 423 646 482 inter
666 417 670 501 Ι
691 423 799 501 gradus
826 423 902 483 imos
930 443 1022 500 quam
1048 425 1104 484 dia·
1112 434 1132 487 (⁶1

99 515 215 572 metron
237 511 387 586 hahuerit,
411 511 473 570 eius
497 514 579 570 sexta
601 530 671 587 pars
694 514 837 586 sumatur,
864 512 949 571 etin
972 513 1104 574 cornibus

99 601 249 676 utrimque
273 600 311 658 ad
334 600 431 660 aditus
455 601 517 660 eius
540 618 695 659 mensurae
721 601 932 676 perpendiculo
955 601 1105 662 inferiora

100 690 183 749 sedes
202 688 419 765 praecidantur,
439 692 468 748 et
482 708 543 764 qua
556 688 700 765 praecisio
714 689 813 764 fuerit,
831 688 874 747 ibi
888 691 1125 753 constituanturs

100 779 244 837 itinerum
270 777 436 854 supercilia.
480 778 526 836 ita
553 778 633 836 enim
659 778 732 836 satis
762 777 930 838 altitudinis
957 779 1106 840 habebunt

66 883 203 929 aeorum
225 865 499 926 confornicaticnes.
546 884 668 925 scaenae
691 857 855 948 longiltudo
881 867 920 925 ad
944 869 1132 930 orchestrae

100 957 265 1015 diametron
283 955 392 1032 duplex
412 955 477 1013 fieri
495 955 591 1013 debet.
627 954 711 1030 podii
729 955 856 1014 altitude
876 955 913 1014 ab
932 956 1105 1016 libramento

99 1045 210 1120 pulpiti
232 1064 300 1103 cum
322 1062 430 1104 corona
449 1046 480 1102 et
500 1043 560 1119 lysi
578 1043 759 1102 duodecuma
778 1044 945 1104 orchestrae
964 1045 1105 1105 diametri

101 1152 190 1209 supra
208 1132 330 1209 podium
348 1133 502 1191 columnae
522 1151 589 1190 cum
608 1132 747 1208 capitulis
762 1135 792 1192 et
806 1133 892 1209 spiris
908 1134 988 1192 altae
1004 1136 1105 1211 quarta
1115 1155 1132 1195 a

99 1225 185 1298 parte
219 1221 351 1280 eiusdem
383 1220 534 1295 diametri,
569 1221 708 1296 epistylia
741 1224 771 1280 et
802 1225 977 1282 ornamenta
1011 1242 1105 1282 earum

100 1311 304 1371 columnarum
336 1309 503 1368 altitudinis
535 1309 641 1385 quinta
671 1311 765 1385 parte.
815 1301 963 1392 pluiteum
990 1311 1132 1388 iesuperu

100 1419 168 1457 cum
190 1399 271 1457 unda
294 1402 324 1457 et
342 1417 451 1458 corona
468 1398 617 1457 inferioris
634 1398 731 1474 plutei
749 1398 871 1456 dimidia
889 1402 985 1475 parte.
1023 1418 1105 1476 supra

100 1488 131 1545 id
153 1488 290 1564 pluteum
312 1487 467 1546 columnae
491 1490 598 1562 quarta
620 1490 706 1562 parte
728 1487 842 1545 minore
867 1487 1029 1547 altitudine
1052 1489 1106 1548 sint

100 1594 191 1651 quam
209 1576 373 1649 inferiores,
391 1575 531 1651 epistylia
550 1578 580 1634 et
599 1578 773 1634 ornamenta
789 1594 892 1634 earum
906 1577 1105 1636 columnarum
1115 1595 1132 1637 n

101 1665 208 1739 quinta
230 1667 324 1740 parte.
361 1664 434 1722 item
452 1664 477 1722 si
495 1664 585 1722 tertia
604 1665 755 1739 episcenos
772 1665 874 1723 futura
893 1665 958 1741 erit,
980 1665 1106 1725 mediani

100 1753 198 1829 plutei
212 1771 359 1810 summum
373 1752 413 1810 sit
424 1752 546 1811 dimidia
559 1753 653 1828 parte,
665 1754 818 1813 columnae
834 1745 838 1835 Ι
855 1772 990 1813 summae
1001 1755 1105 1814 media·
1113 1764 1132 1817 (t

101 1859 208 1899 narum
229 1841 326 1899 minus
351 1842 430 1899 altae
454 1841 513 1900 sint
532 1845 639 1917 quarta
657 1845 752 1917 parte,
776 1842 915 1918 epistylia
938 1862 1010 1902 cum
1032 1863 1105 1904 coro·

100 1931 148 1989 nis
176 1947 277 1988 earum
300 1930 505 1990 columnarum
528 1930 602 1989 item
628 1930 759 2002 habeant
782 1930 952 1991 altitudinis
975 1933 1106 2008 quintam

100 2021 225 2094 partem.
1115 2040 1132 2081 a

68 2122 82 2169 '1
167 2107 231 2166 Nec
252 2111 354 2166 tamen
375 2108 407 2164 in
431 2106 565 2166 omnibus
588 2107 713 2166 theatris
736 2108 924 2184 symmetriae
948 2109 988 2167 ad
1012 2127 1105 2169 omues

100 2197 230 2255 rationes
254 2199 284 2254 et
307 2197 427 2255 effectus
449 2198 576 2272 possunt
597 2196 782 2271 respondere,
804 2196 857 2255 sed
880 2199 999 2272 oportet
1018 2197 1106 2258 archi·

103 2276 236 2365 ltectum
263 2284 498 2345 animadvertere
526 2284 634 2360 quibus
662 2285 904 2361 proportionibus
928 2305 1050 2346 necesse
1071 2286 1132 2348 situ

102 2374 184 2449 sequi
208 2374 411 2450 symmetriam
434 2378 464 2433 et
488 2372 593 2449 quibus
617 2374 656 2431 ad
677 2374 735 2433 loci
757 2376 896 2433 naturam
919 2377 974 2434 aut
996 2375 1105 2452 magni·

101 2462 234 2520 tudinem
266 2462 362 2537 operis
395 2462 564 2537 temperari.
618 2465 688 2521 sunt
720 2462 798 2521 enim
828 2481 875 2521 res
908 2481 984 2538 quas
1019 2466 1050 2523 et
1078 2463 1132 2523 iun

146 2754 148 2759 Ι
174 2687 188 2735 1
200 2683 236 2735 ad
251 2685 355 2752 (quam)
367 2701 417 2738 cm.
427 2701 454 2738 a.
470 2686 479 2753 ΙΙ
493 2683 621 2752 igrados
631 2683 694 2739 HS.
707 2682 710 2755 l
723 2700 820 2751 quam:
835 2684 910 2752 quod
920 2684 969 2754 (qd
979 2686 1015 2754 G,
1029 2663 1104 2755 lidii)

101 2772 129 2808 x.
139 2752 173 2817 †‡3
189 2757 315 2808 sumatur
326 2756 363 2810 G:
378 2754 542 2826 sumlmatur
556 2756 595 2822 Η,
609 2756 736 2808 sumatur
749 2755 775 2809 S.
791 2757 830 2824 114
844 2757 980 2826 utrumffi·
992 2757 1105 2828 GS)qno

102 2823 196 2877 aditus
215 2843 243 2880 a.
268 2827 272 2895 Ι
296 2824 526 2895 perpendiculum
544 2827 584 2894 (ei
600 2826 663 2895 GS)
681 2844 702 2880 a
727 2825 731 2898 l
755 2825 900 2879 interiores
918 2844 947 2881 a.
979 2829 989 2896 ΙΙ
1022 2833 1106 2897 tque

103 2897 189 2950 Phil:
209 2912 281 2964 quae
300 2900 365 2970 (qup
381 2895 445 2966 (ἰδ’)
463 2914 491 2950 a.
509 2899 519 2967 ΙΙ
537 2902 553 2949 6
572 2895 751 2950 altitudinem
770 2898 818 2966 (e)
836 2915 864 2951 a.
883 2898 892 2966 ΙΙ
911 2902 927 2950 8
947 2897 1053 2968 duplex
1071 2898 1104 2954 G:

103 2966 196 3036 duplic
209 2967 249 3035 H,
267 2968 354 3037 dupla
368 2966 394 3021 S.
413 2971 423 3035 l
441 2971 457 3019 9
477 2966 625 3037 duodecu(i
639 2967 751 3037 S)mam
771 2970 810 3038 (a
826 2967 891 3037 GS)
909 2985 937 3022 a.
955 2971 959 3037 Ι
976 2969 1068 3024 orchis

100 3038 129 3094 S.
147 3041 151 3107 Ι
168 3036 312 3092 diametris
330 3041 404 3106 (aute
422 3040 501 3107 corr.)
518 3039 551 3093 G.
579 3040 588 3107 ΙΙ
617 3044 649 3092 12
669 3039 769 3106 quinta
784 3040 813 3092 H
818 3039 914 3108 S(G⁶):
933 3042 1038 3108 quarta
1052 3038 1107 3110 (al

104 3114 137 3162 14
165 3111 266 3176 quarta
289 3108 423 3163 HS⁶G⁰²2
453 3112 551 3176 quarte
576 3110 630 3165 GS
654 3112 705 3181 (tp
732 3109 798 3178 θοι).
829 3111 839 3179 l
872 3114 905 3162 15
933 3111 1011 3181 epi(y
1033 3111 1106 3180 Hs)-

103 3179 170 3249 sti(y
184 3178 288 3249 S)lium
306 3181 346 3249 (-1‘1
362 3178 426 3248 GS)
444 3197 471 3235 a.
500 3182 509 3249 ΙΙ
538 3185 570 3233 16
589 3179 732 3250 episcenos
751 3181 823 3247 HG,
848 3180 998 3249 cpiskenos
1015 3183 1038 3239 S
1057 3181 1107 3254 (put

102 3252 134 3304 iu
152 3268 227 3320 seqq..
236 3315 238 3319 .
247 3251 342 3306 scribit
361 3249 476 3304 skenam
495 3269 576 3321 quam
594 3258 676 3306 nawa
690 3253 818 3324 sagnam).
832 3253 841 3321 ΙΙ
856 3256 888 3305 17
904 3252 995 3322 (dp.)
1010 3254 1106 3309 colum-

102 3338 165 3376 nae.
207 3337 331 3375 summae
353 3321 448 3375 media
470 3325 550 3392 parte
574 3322 727 3377 columnae.
770 3339 894 3376 summae
919 3324 1107 3380 medianarum

102 3393 196 3445 minus
211 3389 250 3462 H,
279 3391 377 3466 colfinp
397 3397 474 3464 ssime
493 3392 587 3447 media
605 3395 686 3463 parte
704 3393 812 3462 celime.
850 3399 929 3464 simp
948 3395 1106 3450 medianari

103 3463 195 3516 minus
211 3464 238 3532 S,
256 3463 355 3536 colfinp
375 3481 481 3537 summp
500 3464 594 3518 media
611 3467 700 3533 parte.
731 3464 830 3535 colline
850 3468 928 3537 ssime
947 3467 1106 3522 medianam

103 3534 235 3590 minusG.
250 3535 259 3604 ΙΙ
274 3541 307 3587 22
316 3535 419 3604 oport&
425 3535 456 3590 S:
467 3537 593 3605 oportere
600 3537 665 3591 HG.
680 3538 690 3606 l
704 3534 908 3604 recuperari:
918 3538 954 3604 cf.
961 3555 992 3608 p.
1001 3540 1106 3606 277,12.
