2416 3922
341 162 389 216 DE
408 159 687 217 ARCHITECTURA
704 162 770 216 LIB.
788 161 823 229 X,
841 168 857 215 2
1040 162 1105 228 243

47 323 87 380 46
167 306 171 396 Ι
187 314 294 389 Itaque
316 313 492 388 incipiemus
516 312 551 370 (16
574 313 599 371 16
624 331 699 388 quae
717 332 785 372 raro
803 315 927 372 veniunt
945 313 983 370 ad
1000 333 1105 374 manus

91 407 130 463 ut
153 406 227 462 nota
245 403 306 462 sint
324 403 477 477 explicare.
513 402 703 477 primumque
721 401 912 460 instituemus
931 402 967 460 (16
985 403 1010 461 16
1030 423 1105 478 quae
1118 411 1144 464 Π

93 492 218 552 aedibus
242 492 333 550 sacris
357 491 396 548 ad
418 508 598 566 operumque
621 490 810 566 publicorum
827 491 1039 566 perfectionem
1056 513 1105 552 ne-

92 581 234 641 cessitate
253 581 471 656 comparantur,
490 598 567 654 quae
585 578 662 636 fiunt
680 579 732 637 ita.
755 579 840 656 tigna
857 580 915 638 duo
931 580 969 638 ad
984 600 1106 639 onerum

65 663 355 753 almagnitudinem
384 668 499 726 ratione
529 668 731 743 expediuntur.
779 688 796 724 6
826 669 923 744 capite
954 688 989 727 ea
1015 669 1106 729 fibula

93 759 253 818 coniuncta
277 760 307 816 et
329 758 361 815 in
382 756 443 814 imo
466 757 631 816 divaricata
650 756 814 833 eriguntur,
837 757 955 816 funibus
974 758 1005 815 in
1025 760 1104 835 capi-

91 848 174 906 tibus
198 847 359 905 conlocatis
383 848 413 904 et
436 845 513 904 circa
535 845 688 920 dispositis
712 848 809 903 erecta
828 847 1000 904 retinentur.
1039 849 1104 906 alli-

92 939 186 1014 gatur
212 936 244 994 in
268 953 381 993 summo
399 935 525 1007 troclea,
553 954 640 1010 quern
664 934 754 992 etiam
777 935 913 992 nonnulli
936 936 1105 994 rechamum

92 1025 207 1084 (1161166.
251 1024 284 1082 16
310 1024 452 1082 trocleam
479 1023 623 1080 induntur
650 1022 775 1082 orbiculi
802 1018 868 1100 <11>
894 1042 948 1098 per
973 1024 1104 1084 axiculos

51 1134 78 1173 re
91 1114 277 1174 versationes
299 1112 448 1170 habentes.
471 1107 474 1189 Ι
495 1131 548 1187 per
571 1111 736 1169 orbiculum
758 1106 949 1189 <summum>
966 1114 1106 1171 traicitur

91 1202 249 1262 ductarius
272 1201 361 1278 funis,
385 1200 489 1259 deinde
513 1200 680 1258 demittitur
699 1203 729 1258 66
746 1200 914 1258 traducitur
932 1202 1009 1258 circa
1029 1201 1105 1260 orbi-

91 1293 197 1351 culum
226 1291 353 1350 trocleae
382 1289 538 1347 infen'oris.
584 1289 710 1347 refertur
740 1292 841 1347 autem
871 1290 909 1346 ad
939 1289 1105 1348 orbiculum

90 1381 188 1439 imum
217 1380 346 1438 trocleae
379 1378 539 1453 superioris
569 1380 599 1436 et
625 1377 669 1435 ita
696 1376 847 1436 descendit
875 1379 913 1435 ad
934 1377 1106 1437 inferiorem

92 1474 123 1528 et
151 1470 184 1526 in
210 1469 355 1526 foramine
378 1469 442 1525 eius
465 1467 618 1543 religatur.
664 1467 760 1525 altera
783 1485 852 1542 pars
875 1467 955 1526 funis
979 1468 1106 1526 refertur

52 1577 78 1618 15
91 1560 174 1616 inter
195 1557 271 1616 imas
293 1556 447 1615 machinae
469 1559 579 1631 partes.
614 1554 647 1613 in
666 1555 787 1631 quadris
806 1558 907 1614 autem
928 1551 931 1635 Ι
952 1548 1105 1633 tignorum
1123 1573 1138 1620 6

91 1646 321 1724 posterioribus,
349 1664 408 1721 quo
431 1644 489 1702 loci
512 1647 583 1703 sunt
606 1644 782 1720 divaricata,
806 1644 940 1720 figuntur
963 1646 1105 1721 chelonia,

91 1738 124 1794 in
149 1753 227 1811 quae
250 1725 419 1793 coiciuntur
441 1734 611 1792 sucularum
635 1734 734 1808 capita
752 1736 789 1791 ut
806 1734 936 1792 faciliter
955 1753 1022 1793 axes
1041 1753 1105 1793 ver-

92 1827 206 1884 sentur.
244 1842 295 1882 eae
318 1823 439 1881 suculae
461 1822 593 1897 proxime
617 1823 716 1897 capita
738 1823 850 1881 habent
869 1823 1017 1881 foramina
1034 1822 1106 1882 bina

91 1915 138 1972 ita
156 1914 324 1987 temperata
341 1914 377 1969 ut
395 1915 492 1971 vectes
511 1913 543 1968 in
562 1931 597 1969 66
616 1911 771 1969 convenire
789 1913 912 1987 possint.
949 1912 986 1970 ad
1005 1913 1105 1971 recha-

51 2021 79 2060 66
91 2021 178 2060 mum
192 2004 294 2059 autem
306 2003 399 2057 imum
412 2001 501 2058 ferrei
513 2000 629 2058 forfices
643 2000 818 2076 religantur,
838 2020 967 2075 quorum
982 1992 986 2081 Ι
1003 2000 1105 2059 (166666

92 2093 125 2149 16
152 2108 226 2149 saxa
251 2091 350 2148 forata
378 2089 644 2147 accommodantur.
690 2107 758 2146 cum
786 2091 887 2146 autem
913 2089 992 2147 funis
1015 2089 1106 2147 habet

93 2181 189 2256 caput
214 2177 252 2236 ad
275 2178 409 2237 suculam
431 2179 591 2254 religatum
615 2179 644 2234 et
666 2179 764 2235 vectes
788 2176 929 2234 ducentes
953 2196 1018 2235 eam
1040 2196 1104 2235 ver·

92 2270 177 2343 sant,
206 2267 285 2326 frmis
315 2285 346 2326 se
375 2265 553 2324 involvendo
583 2267 694 2323 circum
721 2266 856 2323 suculam
885 2265 1052 2322 extenditur
1075 2268 1105 2323 et

92 2358 140 2416 ita
162 2356 300 2415 sublevat
318 2375 407 2415 onera
426 2354 463 2413 ad
482 2355 671 2413 altitudinem
689 2356 719 2411 et
737 2373 860 2430 operum
879 2354 1103 2412 conlocationes.

50 2447 168 2507 2511666
196 2448 296 2503 autem
321 2445 399 2502 ratio
429 2443 657 2502 machinationis
685 2443 764 2518 quod
791 2462 844 2518 per
870 2445 930 2501 6166
958 2442 1139 2506 orbiculos3

47 2525 360 2616 aucircumlvolvitur,
387 2534 544 2608 trispastos
573 2532 749 2608 appellatur.
796 2550 864 2590 cum
889 2550 958 2590 vero
986 2533 1018 2589 16
1044 2532 1105 2590 ima

93 2624 209 2682 troclea
231 2622 289 2680 duo
313 2621 446 2695 orbiculi,
468 2621 499 2679 in
518 2623 668 2697 superiore
687 2624 748 2679 tres
765 2624 930 2695 versantur,
952 2620 984 2677 id
1002 2623 1105 2696 penta·

46 2714 220 2788 {aspaston
242 2711 358 2770 dicitur.
380 2704 384 2788 Ι
405 2711 451 2769 616
474 2713 573 2768 autem
596 2710 756 2769 maioribus
780 2709 916 2768 oneribus
940 2713 1026 2768 erunt
1043 2729 1105 2769 ma-

168 2879 246 2933 lhis
264 2897 291 2934 6.
319 2882 329 2949 Ι
356 2878 448 2933 26166
461 2879 493 2933 S:
518 2881 584 2932 6666
598 2880 667 2934 HG.
697 2881 701 2949 Ι
730 2877 775 2932 1116
793 2896 820 2933 a.
848 2881 857 2948 Ι
884 2879 975 2932 41166
994 2881 1103 2948 (616161

92 2953 129 3020 cf.
140 2950 244 3006 Heron.
259 2953 339 3006 mech.
354 2951 843 3032 (11661161661161661119316486.
858 2951 867 3019 Ι
882 2955 897 3002 5
911 2948 1105 3030 magnitudine

94 3023 122 3077 G
140 3024 257 3090 66611166
275 3024 341 3148 aas.)
355 3021 544 3146 Slzli-netHSf.
562 3023 566 3091 Ι
583 3038 600 3074 a
619 3023 718 3145 66616Ι1Υ
731 3020 836 3144 6Ι11616
853 3039 880 3076 a.
902 3023 912 3091 Ι
933 3026 947 3072 1
968 3020 1105 3146 drsposrgp

92 3095 286 3238 6661θὲ666
307 3093 368 3233 tt
394 3109 677 3217 eththa
700 3092 914 3218 61666
930 3093 1105 3227 ttteb‘ff’a

92 3253 148 3306 quo
166 3236 235 3302 olc).
259 3236 268 3303 Ι
292 3240 307 3287 9
326 3234 481 3288 induuntur
498 3253 525 3288 a.
551 3237 555 3303 Ι
580 3253 609 3288 11.
628 3252 677 3288 661.
693 3252 720 3287 x.
744 3238 753 3304 Ι
777 3240 810 3287 10
829 3251 966 3287 summurn
985 3250 1033 3287 661.
1054 3250 1080 3288 er.
1094 3231 1105 3305 ΙΙ

93 3312 128 3361 11
150 3305 304 3387 dimittitur
319 3307 351 3361 G.
372 3308 382 3375 Ι
403 3312 436 3359 12
455 3305 599 3359 inferiores
618 3306 692 3373 (ante
710 3308 789 3374 corr.)
803 3305 841 3359 H.
866 3307 875 3374 Ι
899 3310 932 3357 14
949 3304 1105 3373 religantur

91 3396 121 3434 a.
141 3379 152 3447 Ι
171 3382 204 3429 15
222 3379 367 3430 1666111666
382 3377 522 3447 H⁶(LP):
540 3375 654 3430 interim
672 3376 723 3430 has
737 3375 772 3429 H
774 3377 832 3431 SG.
847 3379 856 3446 Ι
872 3381 904 3428 16
922 3374 1106 3447 1161661616Ι

93 3454 128 3503 22
146 3448 198 3574 psi:
218 3464 256 3574 gc
275 3447 302 3502 S.
329 3449 339 3518 Ι
366 3453 399 3500 23
419 3464 448 3502 66
467 3465 516 3503 om.
536 3467 563 3503 6.
591 3451 600 3518 Ι
628 3453 661 3500 27
680 3449 900 3517 pentaspaston
919 3446 983 3514 HS,
1005 3448 1105 3516 pentes

91 3536 146 3590 pas
178 3537 197 3572 n
244 3561 250 3572 .

897 3606 951 3658 lb*
