2416 3922
313 147 362 201 ou
380 112 660 203 memmerunt
673 148 744 206 cre.
763 149 811 218 111,
831 154 891 203 ar
1066 149 1108 213 73

92 298 167 356 tudo
194 297 347 358 dividatur
373 299 405 356 in
431 301 532 374 partes
560 318 610 358 sex
638 303 669 357 et
696 319 797 358 earum
823 301 955 375 partium
978 300 1109 377 quinque

92 405 209 446 summa
228 387 435 446 constituatur.
471 389 544 446 item
563 407 639 463 quae
658 389 715 447 erit
733 388 770 446 ab
794 389 963 464 quindecim
984 389 1108 465 pedibus

93 475 132 534 ad
159 475 250 552 pedes
272 476 394 553 viginti,
422 495 528 552 scapus
555 477 632 536 imus
655 478 686 535 in
708 480 809 553 partes
832 496 882 536 sex
905 480 936 536 et
958 479 1109 538 semissem

92 564 247 623 dividatur
273 583 433 640 earumque
460 566 593 641 partium
621 567 751 642 quinque
779 569 810 625 et
832 567 952 625 semisse
975 568 1109 642 superior

50 653 259 717 slecrassitudo
279 655 433 712 columnae
450 653 513 712 fiat.
549 655 622 713 item
641 674 718 730 quae
732 656 790 713 erit
803 674 822 713 a
839 655 963 730 pedibus
980 648 983 738 l
1000 657 1108 733 viginti

92 743 133 800 ad
154 742 245 818 pedes
268 743 404 819 triginta,
427 761 532 818 scapus
555 743 632 802 imus
656 744 807 803 dividatur
824 745 857 802 in
874 747 975 820 partes
994 747 1108 820 septem

93 849 255 907 earumque
278 851 328 890 sex
351 850 466 890 summa
489 835 677 891 contractura
697 832 876 909 perficiatur.
913 852 989 909 quae
1009 837 1110 892 autem

93 919 132 978 ab
148 920 276 997 triginta
293 919 418 996 pedibus
437 920 475 978 ad
497 922 696 998 quadraginta
714 922 778 979 alta
796 923 862 997 erit,
879 923 940 980 ima
959 922 1110 982 dividatur

92 1009 125 1066 in
147 1012 249 1084 partes
273 1013 387 1085 septem
409 1013 439 1068 et
462 1009 625 1085 dimidiam,
648 1029 683 1069 ex
704 1011 751 1068 his
775 1024 825 1069 sex
848 1014 878 1068 et
900 1011 1055 1070 dimidiam
1077 1012 1110 1070 in

47 1110 209 1161 l1⁰summo
222 1097 334 1157 habeat
347 1100 553 1157 contracturae
566 1099 691 1157 ratione.
720 1118 795 1175 quae
808 1103 894 1157 erunt
907 1099 944 1157 ab
962 1091 965 1181 l
983 1101 1109 1174 quadra-

93 1187 181 1263 ginta
207 1186 332 1262 pedibus
360 1187 398 1245 ad
427 1188 658 1265 quinquaginta,
685 1188 759 1246 item
786 1188 962 1247 dividendae
986 1190 1110 1247 suntin

93 1278 162 1334 octo
185 1279 286 1351 partes
309 1279 340 1334 et
362 1295 464 1334 earum
482 1279 595 1352 septem
614 1277 646 1334 in
664 1295 778 1336 summo
797 1295 885 1352 scapo
905 1276 958 1336 sub
977 1278 1108 1352 capitulo

47 1373 77 1429 τῇ
93 1365 318 1423 contrahantur.
354 1364 427 1423 item
450 1366 476 1424 si
499 1385 575 1441 quae
598 1366 719 1424 altiores
743 1368 838 1440 erunt,
861 1365 964 1424 eadem
984 1357 1109 1447 rattione

92 1471 148 1528 pro
172 1457 240 1512 rata
264 1454 484 1512 constituantur
506 1457 720 1513 contracturae.
765 1454 839 1513 haec
862 1457 962 1512 autem
986 1459 1109 1531 propter
1129 1471 1163 1519 13

54 1562 78 1602 15
93 1542 263 1601 altitudinis
286 1543 492 1618 intervallum,
519 1543 678 1602 scandente
702 1544 780 1602 oculi
802 1543 912 1620 specie,
940 1543 1111 1602 adiciuntur

92 1631 338 1690 crassitudinibus
356 1634 584 1708 temperaturae.
620 1636 808 1691 venustatem
827 1633 906 1692 enim
922 1633 1111 1709 persequitur

91 1719 190 1794 visus,
223 1721 305 1779 cuius
337 1721 362 1779 si
394 1740 454 1779 non
484 1721 655 1780 blandimur
682 1722 832 1797 voluptati
859 1722 1051 1797 proportione
1080 1726 1109 1781 et

53 1799 291 1890 (omoldulorum
314 1808 537 1885 adiectionibus,
560 1810 606 1869 uti
630 1812 708 1885 quod
725 1810 807 1868 fallit
825 1812 1039 1886 temperatione
1059 1811 1110 1868 ad-

93 1901 253 1974 augeatur,
276 1902 378 1958 vastus
407 1901 437 1956 et
464 1888 641 1958 invenustus
666 1899 914 1975 conspicientibus
941 1888 1110 1958 remittetur

53 2009 79 2048 ao
94 1990 241 2061 aspectus.
281 1987 317 2045 de
340 1987 505 2046 adiectione
525 2006 601 2063 quae
625 1988 753 2046 adicitur
775 1989 807 2046 in
829 1989 933 2047 mediis
957 1989 1110 2063 columnis

94 2095 172 2150 quae
200 2075 279 2151 apud
303 2074 429 2136 Graecos
458 2093 580 2136 ενταειε
608 2077 787 2153 appellatur,
814 2077 846 2135 in
875 2079 1004 2137 extremo
1033 2077 1109 2135 libro

94 2164 153 2222 erit
184 2164 280 2222 forma
313 2168 343 2222 et
373 2165 451 2224 ratio
469 2166 542 2223 eius
572 2165 819 2241 quemadmodum
848 2165 947 2224 mollis
980 2169 1010 2223 et
1042 2184 1109 2224 con·

47 2253 217 2316 reveniens
241 2253 389 2312 efficiatur
411 2245 595 2336 sublseripta.

161 2341 363 2401 Fundationes
388 2362 489 2402 eorum
512 2361 634 2422 operum
656 2343 809 2401 fodiantur
831 2342 857 2400 si
876 2345 966 2416 queat
983 2342 1110 2401 inveniri
1123 2352 1163 2406 IV

53 2453 79 2493 rs
95 2429 133 2489 ab
162 2431 257 2489 solido
285 2434 316 2490 et
342 2431 374 2488 in
401 2432 529 2490 solidum
557 2436 701 2507 quantum
729 2450 764 2489 ex
792 2430 988 2506 amplitudine
1012 2432 1109 2506 operis

93 2537 149 2595 pro
173 2521 288 2578 ratione
306 2520 419 2591 videbit
456 2566 464 2596 ,
487 2523 698 2595 extruaturque
721 2523 871 2579 structura
893 2522 991 2578 totum
1014 2520 1110 2578 selum

95 2626 187 2683 quam
219 2598 407 2667 solidissima
457 2629 605 2686 supraque
636 2612 748 2667 terram
774 2609 903 2684 parietes
936 2613 1110 2668 extruantur

48 2710 84 2761 15)
94 2697 151 2755 sub
185 2689 359 2778 collumnas‚
391 2698 513 2758 dimidio
547 2698 703 2757 crassiores
737 2717 827 2773 quam
855 2699 1008 2757 columnae
1040 2702 1110 2758 sunt

93 2786 215 2844 futurae
242 2786 289 2872 uti
315 2787 447 2846 firmiora
475 2789 536 2846 sint
563 2787 704 2845 inferiora
732 2787 939 2863 superioribus.
992 2807 1050 2862 qua
1080 2790 1111 2846 et

168 2926 184 2973 2
203 2919 299 2988 itemq:
319 2922 356 2990 (q,
372 2920 437 2990 GS)
455 2939 483 2974 ec.
507 2923 555 2990 113
574 2920 676 3001 viginti
695 2938 781 2990 capus
796 2920 835 2989 H,
853 2940 890 2973 xx
908 2937 1008 2990 scapus
1024 2919 1081 2974 GS.
1104 2919 1108 2991 Ι

90 2997 157 3061 post
175 2993 269 3060 partes
284 2992 348 3046 add.
363 3009 383 3046 x
397 2993 504 3060 septem
524 3008 650 3060 supenor
667 2991 823 3046 crassitudo
843 2991 989 3046 columnae
1004 2991 1111 3059 (ducale

95 3079 145 3117 sex
170 3063 199 3116 et
222 3061 366 3116 semissem
385 3069 445 3130 etc,
468 3065 518 3117 abi
535 3063 566 3116 in
584 3071 647 3118 autc
668 3079 716 3116 sex
734 3065 823 3132 suppl.
839 3064 886 3132 8⁶).
914 3065 924 3131 ΙΙ
952 3061 1110 3129 citamque

94 3155 133 3220 (qr
148 3150 189 3218 H,
208 3169 235 3219 q,
252 3150 317 3218 GS)
337 3151 418 3204 erunt
436 3139 490 3220 (er-t
503 3151 537 3220 S)
555 3169 583 3206 x.
598 3153 637 3220 llss
656 3151 728 3204 imus
745 3152 810 3207 Get
827 3154 859 3205 ia
876 3168 931 3206 rus,
947 3151 989 3205 8⁶:
1009 3150 1033 3231 is
1048 3151 1086 3204 H.
1100 3149 1111 3221 Ι)

96 3227 111 3275 7
133 3237 283 3290 earumque
298 3253 331 3261 —
347 3223 384 3290 (9)
401 3225 510 3291 septem
524 3223 558 3276 H
561 3222 621 3290 S(L
629 3223 688 3291 θὴς
707 3240 757 3277 om.
774 3222 863 3292 eff).
886 3224 896 3292 Ι)
920 3227 952 3274 10
970 3222 1110 3302 rabonem

94 3295 153 3362 (ne
169 3292 233 3362 GS)
251 3311 279 3347 cc.
297 3295 307 3363 Ι)
326 3297 360 3344 14
378 3292 566 3346 constituatur
583 3312 610 3347 s.
632 3296 641 3363 Ι)
664 3299 695 3346 15
716 3292 876 3348 scandentis
895 3292 983 3346 oculis
1002 3307 1108 3361 species

93 3366 147 3487 tl
160 3365 370 3504 {liecurt
378 3366 435 3488 Ὗ)
445 3363 602 3489 metult
610 3382 637 3505 l·
647 3367 666 3487 l
676 3362 1110 3504 lt⁰tlhtlttlttlt²cf⁰t¹l²

94 3452 286 3560 detereebates
301 3477 330 3574 Si
348 3523 403 3580 quq
422 3512 437 3560 e
455 3453 688 3562 itereobatesqu.
1024 3477 1032 3501 ³
1093 3450 1109 3507 θ
