2416 3922
337 159 385 214 DE
403 159 683 215 ARCHITECTURA
700 160 767 216 ΠΒ.
786 159 833 229 VI,
852 164 869 212 8
1044 159 1107 223 153

96 311 204 388 quibus
231 310 398 371 rationibus
424 311 498 370 haec
525 311 678 387 potuerint
705 329 767 369 esse
794 310 880 368 firma
908 313 939 368 et
967 310 1108 385 quemad-

94 401 217 460 modum
239 400 439 458 instituantur
461 399 592 475 exposui.
630 400 735 475 quibus
759 403 861 458 autem
884 398 1037 474 copiarum
1059 419 1108 476 ge·
1128 414 1143 462 9

94 489 217 549 neribus
236 490 374 565 oporteat
392 488 446 561 uti,
464 509 524 548 non
543 492 588 547 est
606 488 761 547 architecti
778 490 920 563 potestas,
942 488 1009 546 ideo
1029 488 1110 563 quod

95 598 156 638 non
183 578 216 636 in
244 577 381 636 omnibus
408 577 482 636 locis
505 578 605 636 omnia
632 596 741 654 genera
764 577 916 653 copiarum
939 580 1110 652 naseuntur,

47 671 131 730 1⁰)5ut
152 668 186 726 in
207 666 305 743 primo
322 657 481 748 volulmine
500 669 546 724 est
564 666 738 742 expositum.
774 669 929 742 praeterea
947 665 979 723 in
997 666 1110 725 domini

96 759 143 816 est
179 757 329 832 potestate
365 759 466 813 utrum
501 755 636 814 latericio
669 774 708 813 an
743 754 934 813 caementicio
968 773 1006 812 an
1038 773 1109 813 saxo

96 845 245 922 quadrato
273 844 347 904 velit
379 843 542 902 aedificare.
592 844 696 919 itaque
729 844 862 903 omnium
894 863 1016 919 operum
1043 863 1110 919 pro-

95 934 233 993 bationes
255 931 407 1009 tripertito
432 932 665 1008 considerantur,
693 932 725 989 id
748 936 793 991 est
817 931 919 990 fabrili
943 933 1112 1003 subtilitate

96 1026 129 1081 et
150 1022 373 1099 magnificentia
396 1024 426 1080 et
448 1020 650 1096 dispositione.
696 1040 763 1079 cum
789 1021 1013 1097 magnificenter
1035 1039 1110 1097 opus

47 1113 267 1188 ⁵)10perfectum
289 1110 459 1186 aspicietur,
487 1129 504 1168 a
527 1110 640 1168 domini
661 1101 820 1191 poltestate
843 1109 983 1185 inpensae
1006 1110 1110 1168 lauda-

94 1202 219 1274 buntur,
237 1219 305 1258 cum
324 1199 481 1273 subtiliter,
500 1199 692 1257 officinatoris
711 1197 886 1274 probabitur
901 1199 1024 1272 exactio,
1043 1217 1111 1256 cum

95 1309 168 1350 vero
186 1292 311 1348 venuste
333 1287 573 1365 proportionibus
598 1291 627 1346 et
650 1287 829 1362 symmetriis
852 1286 991 1345 habuerit
1009 1290 1110 1345 auoto-

94 1379 234 1450 ritatem,
260 1380 333 1436 tunc
359 1377 451 1435 fuerit
477 1376 574 1452 gloria
602 1376 765 1434 architecti.
810 1376 883 1434 haec
909 1379 1009 1434 autem
1031 1378 1110 1434 recte
1132 1391 1165 1439 10

97 1467 330 1541 constituuntur,
357 1485 425 1524 eum
452 1465 477 1523 is
505 1468 536 1523 et
564 1484 581 1522 a
608 1465 701 1523 fabris
730 1468 760 1522 et
787 1465 825 1523 ab
851 1465 953 1523 idiotis
978 1465 1112 1539 patiatur

47 1557 234 1632 nuncupere
257 1573 287 1614 se
306 1555 438 1614 consilia
474 1573 603 1629 namque
623 1573 723 1612 omnes
746 1554 888 1628 homines,
909 1548 913 1631 1
933 1572 993 1612 non
1016 1554 1112 1613 solum

51 1659 55 1665 '
97 1644 269 1719 architecti,
302 1643 382 1720 quod
413 1647 459 1701 est
489 1642 601 1702 honum
627 1646 752 1718 possunt
780 1643 920 1719 probare,
952 1642 1003 1700 sed
1033 1643 1113 1700 inter

96 1733 210 1793 idiotas
239 1736 269 1791 et
296 1751 345 1791 eos
368 1733 424 1790 hoe
447 1734 492 1790 est
515 1731 672 1790 discrimen
696 1732 775 1807 quod
797 1731 892 1790 idiota
914 1731 973 1790 nisi
999 1733 1113 1790 factum

98 1823 224 1896 viderit,
255 1840 315 1880 non
347 1824 445 1897 potest
478 1821 552 1879 scire
581 1820 653 1896 quid
684 1820 724 1879 sit
754 1821 902 1896 futurum,
934 1821 1112 1879 architectus

99 1915 205 1971 autem
237 1909 326 1968 simul
359 1911 457 1968 animo
490 1909 690 1983 constituerit,
722 1913 883 1985 antequam
912 1909 1056 1986 inceperit
1083 1912 1113 1967 et

58 2019 85 2058 ro
98 2002 260 2061 venustate
287 2002 318 2057 et
344 2017 402 2057 usu
429 2002 459 2057 et
486 1998 590 2057 decore
614 1998 701 2073 quale
725 1999 765 2058 sit
791 2001 925 2057 futurum
951 1998 1041 2056 habet
1064 1998 1112 2057 de·

47 2089 274 2259 (flblfimtiuanas
296 2195 343 2234 res
365 2175 491 2251 privatis
515 2175 656 2234 aedificiis
678 2175 766 2234 utiles
790 2175 896 2251 putavi
920 2179 950 2233 et
972 2175 1113 2250 quemad-

98 2267 225 2327 modum
247 2265 307 2324 sint
328 2265 485 2323 faciundae
510 2283 599 2340 quam
623 2264 807 2340 apertissime
835 2263 920 2339 potui
946 2263 1113 2338 perscripsi.

47 2356 139 2418 ‚bbde
160 2351 164 2436 l
186 2353 413 2430 expolitionibus
438 2356 540 2412 autem
563 2372 664 2411 eorum
687 2352 732 2410 uti
755 2353 815 2410 sint
833 2352 983 2429 elegantes
1002 2354 1033 2410 et
1051 2351 1113 2411 sine

59 2463 86 2503 rs
99 2444 185 2506 vitiis
212 2443 251 2501 ad
277 2443 458 2502 vetustatem
484 2436 741 2520 (permanentes),
768 2440 937 2516 insequenti
964 2439 1114 2499 volumine

100 2552 256 2610 exponam.

177 2771 433 2844 lpoterinta.l{5
452 2770 566 2825 utHS:
585 2769 817 2840 utialprimo:
836 2769 1079 2839 proximorrum
1098 2786 1116 2822 a

103 2843 226 2900 domini:
250 2843 286 2897 ab
309 2842 386 2897 omni
403 2861 431 2898 a.
459 2845 468 2913 ΙΙ
496 2847 529 2894 13
568 2840 640 2895 loria
658 2840 805 2895 architecti
824 2841 919 2911 δ’(θῦε
942 2839 1034 2909 gloria
1055 2839 1116 2893 aria

102 2914 254 2971 architecti
272 2915 344 2970 Hc.
372 2916 381 2984 ΙΙ
409 2919 443 2966 14
460 2914 485 2967 is
504 2860 636 2982 Hdfflclz
660 2911 704 2964 his
724 2913 758 2967 G.
785 2914 795 2982 ΙΙ
824 2918 856 2965 19
879 2911 1034 2981 incoeperit
1054 2911 1087 2965 G.
1106 2910 1115 2981 Η

101 2993 138 3042 24
167 2984 386 3056 expolitionibus
406 2984 437 3039 S:
466 2981 703 3052 expoliationibus
721 2984 756 3037 Η
759 2983 792 3038 G.
821 2986 830 3053 n
858 2988 892 3036 25
920 2983 1114 3052 permanentes

101 3075 153 3115 om.
173 3076 194 3114 ω
212 3058 257 3126 (cf.
273 3074 307 3126 p„
323 3060 440 3124 151,21.
461 3057 578 3122 roser.
597 3057 660 3120 146,
670 3056 724 3123 13).

504 3345 717 3356 ..-------
