2430 3922
148 176 192 241 20
568 172 733 227 vrrauvn

149 324 300 385 venientes
328 325 404 382 alius
428 324 520 382 alium
548 323 610 382 sine
637 323 820 398 inpeditione
847 325 1010 399 praeterire
1034 325 1159 400 possint.

148 418 214 473 tum
239 413 271 472 in
294 412 488 472 crassitudine
510 413 671 488 perpetuae
699 412 796 471 taleae
819 412 991 490 oleagineae
1017 413 1160 472 ustilatae

150 522 240 578 quam
267 502 440 561 creberrime
466 502 666 574 instruantur,
694 501 741 558 uti
768 504 911 576 utraeque
939 501 1019 560 muri
1046 503 1160 562 frontes

148 591 228 650 inter
250 609 290 665 se,
313 589 560 666 quemadmodum
577 589 684 663 fibulis,
707 589 753 648 his
771 590 858 648 taleis
878 590 1046 667 conligatae
1066 593 1160 650 aeter·

150 699 221 738 nam
243 680 374 738 habeant
396 679 575 736 firmitatem.
621 696 749 752 namque
773 679 801 737 ei
822 679 966 738 materiae
990 698 1045 738 neo
1070 679 1183 740 cariem

152 760 222 851 inec
244 770 437 844 tempestates
459 786 513 826 nec
530 769 665 827 vetustas
688 769 787 842 potest
809 786 922 842 nocere,
945 767 998 827 sed
1018 787 1055 827 ea
1078 771 1110 827 et
1132 770 1204 830 inno

149 861 230 916 terra
258 858 364 916 obruta
394 859 425 915 et
451 856 482 914 in
510 874 590 932 aqua
618 855 771 914 conlocata
802 860 958 930 permanet
990 856 1054 916 sine
1082 857 1163 916 vitiis

150 946 235 1004 utilis
264 945 451 1021 sempiterno.
496 945 599 1020 itaque
626 963 685 1002 non
714 944 810 1002 solum
836 945 868 1002 in
890 963 975 1004 muro
998 945 1164 1005 sedetiam

151 1034 184 1091 in
216 1032 484 1093 substructionibus
516 1033 625 1109 quique
657 1033 787 1107 parietes
823 1034 931 1091 murali
968 1034 1163 1094 crassitudine

153 1125 240 1181 erunt
266 1123 397 1182 faciundi
423 1123 479 1181 hac
506 1123 622 1182 ratione
649 1121 769 1198 religati
797 1141 856 1181 non
886 1123 945 1180 cito
968 1123 1207 1183 vitiabuntur.ro-

118 1228 136 1275 4
153 1212 312 1271 intervalla
333 1206 337 1290 l
358 1214 459 1270 autem
482 1211 612 1269 turrium
633 1210 677 1268 ita
699 1213 768 1268 sunt
785 1210 923 1269 facienda
940 1214 976 1269 ut
992 1230 1030 1270 ne
1049 1211 1207 1290 longiusffl

156 1301 196 1360 sit
218 1301 279 1359 alia
302 1301 338 1358 ab
363 1300 422 1358 alia
446 1299 574 1376 sagittae
596 1298 753 1372 missionis,
776 1299 823 1356 uti
845 1299 870 1358 si
893 1318 952 1374 qua
971 1304 1166 1378 oppugnetur,
1205 1291 1207 1300 ’

157 1393 224 1447 tum
247 1409 265 1447 a
287 1387 418 1446 turribus
442 1406 518 1462 quae
542 1390 628 1445 erunt
650 1387 754 1445 dextra
773 1406 807 1445 ac
826 1387 946 1446 sinistra
964 1389 1166 1465 scorpionibus

104 1513 107 1515 Δ
157 1478 340 1551 reliquisque
363 1475 489 1534 telorum
515 1474 703 1533 missionibus
726 1475 825 1534 hostes
848 1477 1017 1535 reiciantur.
1065 1479 1165 1538 etiam·
1205 1510 1207 1524 ι

160 1585 217 1640 que
241 1568 344 1623 contra
367 1555 518 1645 initeriora
545 1562 672 1621 turrium
695 1563 870 1624 dividendus
895 1569 940 1624 est
956 1585 1059 1626 murus
1078 1555 1207 1663 ineest

158 1654 247 1712 vallis
278 1655 341 1710 tam
372 1652 488 1728 magnis
521 1670 611 1727 quam
643 1655 731 1710 erunt
761 1656 871 1727 turres,
902 1658 937 1712 ut
967 1654 1077 1714 itinera
1109 1656 1167 1715 sint
1204 1666 1207 1703 ¹

159 1740 350 1800 interioribus
378 1740 512 1816 partibus
540 1741 667 1799 turrium
695 1741 880 1818 contignata,
907 1762 1003 1818 neque
1032 1763 1068 1802 ea
1090 1745 1166 1804 ferro
1204 1710 1207 1780 l

158 1830 225 1888 fixa.
270 1829 366 1889 hostis
390 1830 468 1888 enim
496 1829 522 1888 si
545 1849 634 1904 quam
656 1833 773 1904 partem
795 1832 870 1888 muri
895 1833 1095 1908 occupaverit,
1118 1833 1167 1910 qni

159 1918 369 1996 repugnabunt
399 1918 567 1976 rescindent
600 1921 630 1976 et
661 1919 686 1978 si
719 1919 854 1977 celeriter
885 1920 1167 1998 administraverint,

157 2027 218 2066 ncn
247 2007 401 2083 patientur
427 2007 557 2083 reliquas
584 2011 685 2082 partes
717 1999 853 2088 turlrium
884 2009 1020 2084 murique
1054 2010 1167 2070 hostem

158 2100 327 2173 penetrare,
363 2096 421 2155 nisi
456 2114 486 2154 se
518 2097 648 2156 voluerit
678 2096 885 2171 praecipitare.
939 2101 1036 2157 turres
1067 2099 1168 2176 itaque

121 2201 139 2249 5
160 2186 304 2245 rotundae
327 2189 381 2244 aut
402 2185 581 2262 polygoniae
605 2187 675 2243 sunt
696 2184 858 2244 faciendae.
904 2186 1068 2261 quadratas
1091 2189 1168 2248 enim

226 2380 241 2426 2
257 2376 329 2428 tum:
345 2373 411 2427 dum
424 2391 452 2428 n.
465 2372 469 2445 l
480 2373 586 2427 taleae:
603 2371 718 2425 tabulae
731 2389 759 2426 n.
773 2374 783 2442 [Ι
797 2376 813 2424 3
828 2371 1018 2428 creberrimae
1028 2374 1064 2427 H
1070 2401 1104 2421 =
1115 2389 1168 2428 -me

156 2464 229 2531 (ndo.
247 2465 305 2516 sine
323 2464 396 2530 nnc.)
412 2461 469 2517 GS.
484 2463 523 2530 115
542 2460 719 2531 Περεῌθετιθῐ
731 2461 781 2528 ΗΟ,
798 2442 850 2530 ned
876 2460 948 2515 aries
965 2462 1010 2529 6⁰,
1026 2462 1168 2518 neccaries

158 2533 187 2588 S.
211 2534 219 2601 ΙΙ
243 2538 259 2585 6
279 2534 462 2602 tempestates
481 2533 548 2587 HS:
572 2533 628 2585 -tas
649 2532 682 2587 G.
705 2533 715 2600 ΙΙ
738 2536 753 2584 7
772 2535 918 2600 permanet
939 2533 976 2588 G:
999 2536 1080 2588 -nent
1098 2535 1169 2590 Hei

159 2604 219 2670 (nbi
241 2601 336 2671 utiles)
355 2604 381 2658 S.
410 2605 419 2671 ΙΙ
447 2608 479 2654 12
504 2604 610 2673 sagitta
632 2601 788 2656 emissionis
807 2621 834 2658 x.
862 2607 871 2673 {l
900 2609 933 2657 13
956 2620 990 2657 ac
1013 2621 1064 2658 om.
1087 2623 1109 2660 a
1131 2610 1170 2666 (set

160 2676 209 2740 29,
223 2675 258 2741 5).
278 2675 287 2742 ΙΙ
306 2678 340 2725 14
358 2672 447 2727 hostis
466 2691 491 2726 a.
507 2691 527 2728 c.
548 2675 586 2728 H.
605 2675 615 2743 ll
634 2679 667 2726 15
685 2671 830 2729 inferiores
848 2693 875 2729 n.
895 2677 903 2744 ll
922 2680 955 2727 22
974 2675 1115 2731 rotundae
1132 2677 1170 2744 Η,

162 2743 211 2813 qni
238 2745 278 2798 sic
296 2775 327 2782 -
348 2747 411 2798 item
438 2744 610 2813 rutunditas,
642 2744 807 2814 rutundam,
834 2744 998 2799 rutundatio
1017 2777 1051 2785 —
1070 2763 1171 2818 semper

161 2815 235 2868 seins
254 2816 329 2883 (raro
347 2821 470 2884 seqnente
488 2832 543 2868 nnc
558 2815 593 2882 L,
610 2822 642 2870 nt
656 2833 685 2884 p.
699 2819 766 2882 298,
776 2821 801 2870 6.
820 2821 885 2883 243,
893 2820 939 2870 26.
957 2819 1085 2887 271,14).
1113 2819 1169 2874 scri.

160 2888 227 2940 e37
241 2886 306 2940 iocis
324 2888 392 2953 (ind.
408 2886 501 2953 Nobi.)
520 2888 678 2956 corrigendo
697 2888 747 2940 litt.
763 2904 782 2940 u
799 2890 831 2942 in
849 2894 1004 2942 omniane
1016 2889 1061 2943 bis
1073 2897 1171 2959 septem

160 2959 260 3024 22,11.
271 2960 315 3010 13.
335 2962 381 3024 66,
389 2961 416 3011 2.
426 2960 463 3014 4.
472 2960 517 3023 79,
526 2960 551 3010 4.
571 2961 616 3024 94,
625 2962 649 3012 4.
661 2962 686 3011 6.
705 2956 891 3013 rdeundationi
908 2960 1006 3029 legitur
1018 2962 1065 3028 25,
1074 2962 1114 3015 26
1127 2959 1170 3029 (cf.

158 3027 218 3082 aboi.
229 3026 359 3096 ritondo).
387 3034 417 3082 ot
431 3029 499 3096 (sine
512 3044 589 3094 eoin,
603 3035 635 3083 nt
647 3030 766 3096 oidetnr)
781 3046 797 3083 o
812 3046 868 3084 non
883 3031 982 3100 iegitur
994 3030 1052 3084 nisi
1065 3031 1171 3087 dnobus

156 3101 231 3166 29,2
244 3105 269 3153 et
282 3102 346 3168 264,
359 3103 384 3152 6.
413 3097 685 3152 alteratutunditatis
700 3099 734 3153 H
748 3103 859 3166 252,13
877 3107 910 3155 nt
927 3106 1052 3169 repetam
1066 3101 1094 3155 L
1108 3109 1134 3157 et
1147 3101 1174 3157 P

158 3171 179 3235 (l
192 3199 226 3210 -
239 3171 287 3224 sed
300 3186 368 3224 corr.
383 3173 408 3236 e)
427 3187 460 3223 ea
474 3170 514 3237 Η,
531 3173 573 3224 ito
590 3187 624 3225 ex
641 3173 797 3240 antiquiore
814 3173 890 3239 fonte
906 3171 931 3226 G
947 3172 1015 3240 (qni,
1032 3178 1065 3226 nt
1078 3173 1172 3241 EPs,

156 3242 219 3309 ipse
232 3258 381 3310 nnanqnem
398 3242 478 3295 babet
495 3243 551 3310 ru)
569 3243 609 3297 sic
626 3243 744 3296 scribens
762 3241 852 3296 altera
870 3241 1093 3297 rotutnnditatie.
1131 3245 1171 3299 sic

158 3312 240 3366 etiarn
252 3313 285 3366 in
298 3312 486 3381 antiquissimo
496 3313 589 3367 Plinii
598 3312 733 3382 Aegiensi
745 3329 848 3382 semper
860 3330 905 3366 ru-
920 3317 964 3380 11,
970 3316 1034 3367 275.
1050 3317 1096 3382 12,
1105 3318 1169 3371 127.

157 3384 202 3449 13,
210 3385 255 3437 47.
276 3386 317 3450 14,
328 3386 365 3437 30
383 3385 438 3451 (sed
456 3388 500 3452 11,
509 3387 546 3438 58
565 3381 765 3438 rotonditatem
779 3387 841 3452 sici)
859 3391 906 3439 etc.
937 3385 1002 3438 item
1016 3385 1073 3439 eod.
1087 3386 1169 3442 Mar·

157 3454 255 3507 cionns
277 3453 362 3509 SRR.
388 3461 412 3508 ct
430 3454 554 3509 Inieretii
575 3460 636 3509 neti.
659 3455 694 3520 cf.
713 3454 876 3509 Lachmann
900 3455 938 3508 cd
960 3454 1044 3510 Incr.
1062 3458 1090 3524 2,
1105 3460 1170 3514 402.

158 3522 225 3576 Keil
242 3525 279 3578 nd
298 3524 356 3580 Cat.
371 3542 402 3594 p.
421 3529 457 3580 43
475 3532 501 3581 et
518 3527 556 3580 cd
579 3525 659 3580 Varr.
674 3542 705 3594 p.
725 3530 750 3579 6.
767 3530 771 3595 Ι
787 3524 875 3595 poly(i
890 3526 1013 3596 S)gcnea
1030 3544 1059 3582 n.
