2416 3922
126 169 191 232 204
432 193 434 197 ⁴
546 167 710 222 VITRUVII

126 338 156 376 se
182 318 290 375 librata
319 337 387 378 esse.
434 319 594 393 exemplar,
609 321 709 376 autem
733 317 908 376 chorobatae
929 312 933 395 l
955 318 1014 376 erit
1034 317 1066 374 in
1088 326 1163 378 err-lu)

125 409 219 464 tremo
242 407 391 474 uolumine
415 407 601 482 descriptum.
639 410 669 464 et
692 407 716 464 si
740 407 796 465 erit
813 407 969 482 fastigium
986 425 1127 482 magnum,

126 496 243 552 facilior
270 497 326 553 erit
353 496 491 554 decursus
520 515 621 570 aquae.
667 497 713 554 sin
741 498 839 553 autem
866 496 1028 554 intervalla
1051 496 1128 552 erunt

126 584 275 656 lacunosa,
299 584 563 643 substructionibus
588 586 644 642 erit
668 583 904 642 succurrendum.

80 679 138 740 Vl,
193 673 306 730 Ductus
335 676 433 747 autem
461 693 554 748 aquae
577 673 655 731 fiunt
675 672 829 750 generibus
851 672 962 745 tribus,
989 673 1062 731 rivis
1084 691 1149 747 pers

127 762 242 818 canales
271 763 433 837 structileS,
461 764 513 819 aut
535 762 642 820 fistulis
665 761 823 836 plumbeiS,
852 779 903 819 seu
926 761 1041 819 tubulis
1064 760 1130 819 ficti·

126 849 212 907 libus.
242 845 245 927 l
275 869 400 924 quorum
440 851 496 909 hae
537 853 606 908 sunt
645 852 783 910 rationes
838 851 863 908 si
900 849 1068 925 canalibus,
1103 852 1167 911 utut

128 941 275 996 structura
298 939 351 996 fiat
371 934 374 1016 l
396 959 484 1014 quam
508 940 685 997 solidissima
709 940 862 1014 solumque
882 938 941 998 rivi
959 938 1174 1001 libramentalll

127 1027 235 1085 habeat
252 1029 396 1103 fastigata
414 1047 451 1085 ne
470 1029 566 1086 miuus
583 1030 615 1084 in
629 1030 766 1086 centenos
780 1028 869 1103 pedes
884 1028 1008 1102 sieilicO,
1027 1045 1131 1102 eaeque

128 1119 294 1174 structurae
326 1118 564 1176 confomicentur
595 1119 628 1174 ut
659 1119 779 1174 minime
810 1117 854 1174 sol
886 1135 997 1191 aquam
1023 1118 1160 1193 tangatis

128 1224 252 1280 cumque
275 1207 390 1264 uenerit
413 1205 451 1264 ad
473 1206 600 1278 moenia,
623 1206 769 1263 efficiatur
791 1205 946 1263 castellum
965 1207 1004 1263 et.
1016 1205 1131 1263 castello

128 1296 317 1352 coniunctum
346 1294 383 1351 ad
404 1290 408 1371 l
429 1283 627 1368 recipiendam
655 1313 764 1369 aquam
791 1295 899 1369 triplex
927 1294 1160 1365 inmissariumtl

129 1384 375 1457 conlocenturque
402 1384 434 1439 in
462 1383 584 1440 castello
611 1385 671 1441 tres
696 1383 813 1441 fistulae
837 1383 1005 1457 aequaliter
1027 1383 1132 1442 divisae

127 1474 207 1529 intra
234 1471 419 1546 receptacula
448 1472 616 1546 coniuncta,
644 1473 689 1528 uti
717 1491 783 1530 cum
810 1470 1009 1530 abundaverit
1032 1471 1070 1529 ab
1093 1490 1132 1529 er·

93 1562 239 1634 2tremiS,
262 1562 294 1616 in
316 1559 446 1617 medium
468 1561 688 1635 receptaculum
709 1560 860 1618 redundet.
905 1561 980 1617 item
1004 1579 1020 1617 e
1044 1559 1132 1619 medio
1142 1576 1161 1617 15

114 1650 275 1723 ponentur
297 1648 414 1706 fistulae
437 1650 468 1705 in
492 1667 597 1710 omnes
614 1650 696 1707 lacus
720 1652 749 1706 et
768 1649 916 1723 salienteS,
940 1668 976 1706 ex
996 1649 1133 1706 alteroiu

128 1736 262 1794 balineas
289 1739 325 1793 ut
351 1737 481 1812 vectigal
509 1739 666 1811 quotannis
688 1733 691 1815 l
712 1739 822 1812 populo
850 1739 1018 1812 praestent,
1049 1748 1169 1812 exquellb

129 1826 217 1882 tertio
246 1827 278 1881 in
305 1825 406 1883 domos
433 1827 565 1900 privatas
589 1845 626 1884 ne
649 1827 726 1896 desit
748 1828 780 1883 in
802 1825 932 1900 publico,
978 1846 1039 1885 non
1063 1827 1133 1884 enim

128 1916 270 1988 poterunt
307 1916 450 1988 avertere,
488 1932 554 1972 cum
585 1915 742 1972 habuerint
774 1933 792 1972 a
824 1914 972 1988 capitibus
1004 1916 1133 1991 proprias

130 2003 290 2060 ductiones.
327 2003 399 2064 haee
418 2004 517 2060 autem
536 2022 627 2078 quare
646 2004 742 2061 divisa
761 2003 975 2077 constituerim,
1000 2023 1052 2062 eae
1072 2004 1161 2062 sunta

130 2110 235 2149 causae
264 2093 294 2148 et
321 2093 367 2148 uti
394 2093 445 2166 qui
467 2093 610 2165 privatim
632 2093 740 2150 ducent
762 2094 794 2149 in
816 2092 918 2149 domos
942 2091 1133 2168 vectigalibus

95 2192 110 2239 3
129 2183 269 2238 tueantur
290 2200 343 2255 per
365 2180 537 2254 publicanos
557 2200 700 2255 aquarum
719 2181 832 2238 duetus
869 2182 915 2238 sin
936 2174 940 2257 l
961 2184 1064 2238 autem
1081 2199 1132 2238 me
1140 2187 1169 2239 us)

130 2269 172 2327 dii
201 2271 315 2327 montes
346 2271 432 2326 erunt
461 2270 540 2326 inter
568 2271 684 2327 moenia
712 2271 743 2327 et
770 2271 860 2343 caput
882 2270 988 2344 fontis,
1021 2271 1063 2328 sic
1085 2267 1134 2327 erit

130 2358 298 2416 faciendum
324 2359 370 2414 uti
393 2376 496 2432 specus
519 2357 671 2415 fodiantur
693 2357 748 2416 sub
770 2361 851 2416 terra
874 2357 1080 2434 librenturque
1102 2356 1133 2415 ad

130 2449 285 2522 fastigium
312 2446 391 2520 quod
419 2465 509 2520 supra
537 2447 679 2521 scriptum
707 2449 764 2519 est,
793 2449 823 2504 et
850 2448 875 2504 si
902 2447 984 2505 tofus
1008 2449 1067 2505 erit
1088 2447 1160 2504 aute

132 2555 243 2602 saxum,
267 2534 298 2591 iu
321 2553 374 2592 suo
399 2535 456 2592 sibi
479 2533 591 2592 canalis
614 2535 774 2609 excidatur,
799 2537 844 2593 sin
868 2538 968 2592 autem
990 2538 1133 2594 terrenum

132 2626 184 2681 aut
207 2624 383 2680 harenosum
407 2623 463 2681 erit
485 2622 589 2697 solum,
612 2623 740 2698 parietes
764 2643 832 2681 cum
855 2643 974 2682 camara
997 2624 1030 2682 in
1053 2642 1134 2700 specu

133 2704 305 2794 lstruautur
331 2715 361 2768 et
388 2712 430 2770 ita
458 2711 648 2787 perducatur,
675 2713 817 2787 puteique
845 2712 889 2770 ita
912 2714 973 2771 sint
997 2713 1071 2772 facti
1092 2711 1168 2770 utitur

131 2801 209 2862 inter
231 2800 315 2858 binos
339 2801 399 2859 sint
422 2804 515 2859 actus.

204 2959 218 3005 1
240 2950 385 3006 chorobati
399 2969 426 3005 x.
442 2952 479 3019 312
501 2954 529 3004 et
548 2950 572 3004 si
588 2951 625 3006 G:
645 2953 674 3004 et
692 2949 732 3005 sic
747 2953 783 3006 H.
799 2956 838 3023 {ld
856 2951 931 3024 fietil
950 2952 1134 3023 G(fietib⁹G⁶

126 3042 180 3094 pro
205 3023 358 3090 fictilibus).
386 3024 395 3091 ΙΙ
422 3028 437 3074 9
469 3021 574 3076 sicilico
603 3023 690 3088 (Plio.
708 3027 752 3090 31,
765 3026 823 3092 57)=
853 3023 996 3092 semipede
1023 3043 1045 3080 ar
1070 3025 1134 3079 erotis

131 3098 157 3164 (s
173 3103 198 3162 et
213 3098 238 3164 2)
253 3101 285 3149 at
299 3095 407 3148 uidetur
420 3095 541 3159 confusis
555 3093 635 3162 (pede
655 3093 738 3147 semis
753 3093 835 3160 Fau,
849 3093 1018 3164 sesquipede
1032 3092 1132 3164 Pallii

131 3182 254 3288 aas,
269 3164 410 3304 squama,
430 3165 550 3288 {lull
568 3163 722 3289 tellit?
731 3164 879 3306 alti
896 3165 1134 3313 llllmllll

130 3239 389 3377 l9i>ot1eri1itlall
417 3311 450 3357 20
469 3253 539 3360 daei
558 3254 621 3359 haeq
634 3307 679 3377 (hq
701 3307 736 3374 G)
754 3277 781 3360 e*
810 3281 879 3375 11'21
902 3324 1005 3362 causae
1028 3307 1071 3362 uti
1091 3279 1132 3374 qiu

131 3377 296 3501 (canaquti
319 3375 368 3443 qui
388 3376 423 3445 G)
442 3394 479 3458 a..
498 3379 507 3446 ll
534 3383 568 3429 24
588 3377 731 3431 fodientur
750 3380 786 3431 H.
818 3381 821 3448 l
850 3377 1062 3447 liberenturque
1080 3379 1131 3458 G

131 3456 164 3502 27
180 3466 210 3503 so
223 3468 270 3502 um
284 3449 307 3501 la
321 3450 360 3516 (et
371 3448 406 3516 G)
420 3452 541 3528 parietes
556 3466 584 3503 ac.
603 3455 606 3514 l
623 3464 736 3502 camara
753 3448 789 3503 G:
810 3465 921 3502 camera
936 3450 974 3503 H.
989 3449 1132 3520 1129bm0s

132 3521 200 3574 sint:
220 3521 289 3573 duos
309 3521 351 3588 (ex
371 3522 417 3587 rr.)
437 3522 474 3572 sit
491 3536 518 3572 ω.
