2416 3922
1086 144 1113 197 V

100 293 246 352 Futdensi
268 294 373 366 quibus
389 295 526 366 praestat
548 309 582 351 ea
604 293 704 351 debeat
723 291 857 353 Gudiani
869 298 964 368 pater,
988 295 1113 353 idanus

97 382 284 441 Harteianus
306 382 478 455 Repinberto
507 384 591 454 atque
619 382 776 454 euernpiari
802 383 879 455 quod
904 383 949 442 oet
975 385 1113 456 „scripsit

95 471 142 529 ael
163 472 286 530 scribere
303 471 389 543 feeit‘
408 466 551 544 Aupiensi
569 468 658 543 (inter
676 487 703 530 a.
722 472 890 531 838-842
908 488 930 531 ε.
950 470 985 531 G.
999 471 1112 531 Becker

97 557 162 619 aar.
182 563 240 618 ant.
260 562 288 627 9,
303 558 346 632 5),
370 575 425 632 quo
443 562 546 632 postea
569 561 655 617 etiarn
674 576 747 618 usus
766 563 807 618 est
823 559 1016 619 Hernoaurus
1036 558 1110 619 Oan-

95 651 206 707 traetus
228 648 386 706 nonachus
404 643 562 721 Aupiensis
581 649 615 705 in
631 649 699 721 ipsa
716 643 817 722 Aupia
833 652 966 707 0000οε
983 667 1010 708 a.
1030 650 1111 708 1054

94 735 147 809 (of.
163 737 243 810 adp.
257 735 403 809 03010).
435 737 469 794 in
482 731 582 810 Aupia
597 738 672 795 enirn
685 737 861 810 00000000
873 738 965 809 fru'sse
985 738 1111 797 Vitruoii

96 826 245 898 cuemptar
260 826 335 884 iilud
358 826 434 897 quod
455 826 488 883 in
505 826 713 884 nonasterium
730 824 760 884 S.
778 826 966 885 Pantaleonis
990 825 1030 898 (a.
1050 830 1110 886 004

94 913 255 987 cauditum)
283 914 457 973 translatura
483 911 618 972 Coloniae
645 914 754 987 tepebat
774 916 825 987 qui
846 916 977 988 popinae
999 933 1110 975 uacuae

36 1024 38 1028 ’
94 1005 181 1062 iuata
199 1005 292 1061 0003
310 1004 437 1076 dpurarn
451 1002 486 1076 (f.
497 1002 557 1059 145
563 997 589 1074 ὸ)
602 1018 706 1060 nornen
723 1003 872 1076 inscripsit
884 1002 1109 1072 „Goderarnnus

88 1093 281 1164 propositus“
304 1092 431 1150 eiusdem
452 1091 629 1158 nonasterii,
651 1090 703 1148 troc
724 1091 855 1149 nauare
873 1093 987 1151 0000
1004 1093 1110 1152 codicis
1154 1108 1159 1117 ·

94 1197 176 1238 nunc
197 1181 277 1252 foliis
297 1180 472 1253 quibusdan
490 1179 638 1237 truncati*
657 1179 851 1251 appendicula
869 1183 954 1253 atque
971 1185 1109 1255 „sumpta
1135 1251 1137 1254 ¹

95 1285 131 1327 eu
144 1269 268 1341 phisicis
281 1269 493 1341 probamenta‘
506 1268 560 1326 ilia
574 1284 663 1341 aeque
676 1271 820 1336 truncata,
839 1286 913 1341 quae
928 1270 967 1327 ad
979 1267 1109 1342 Auqien-

92 1374 155 1415 sern
169 1358 364 1416 bittiottieearu
369 1359 517 1429 pertinent
526 1360 552 1415 et
565 1356 744 1429 adMappae
755 1357 927 1415 ctaoicuiaur
938 1359 999 1416 iarn
1008 1360 1109 1418 a.822

93 1447 136 1504 ibi
158 1449 303 1504 sanatam
324 1445 448 1519 (Beeioer
467 1444 594 1518 6,139),
622 1448 767 1504 seruatam
789 1462 827 1504 se.
851 1462 916 1504 curn
944 1447 1001 1505 aiio
1028 1447 1110 1505 uotu-

92 1535 172 1593 urine
189 1537 272 1593 iusta
294 1534 426 1593 coluoato
450 1531 581 1607 (0138)
604 1535 660 1603 „de
682 1534 892 1594 architectura‘
910 1536 973 1593 siue
992 1537 1109 1594 nornine

92 1624 205 1682 tradita
224 1624 323 1682 eadem
340 1623 464 1695 fortasse
476 1624 589 1681 ratione
603 1641 662 1696 qua
679 1623 712 1681 0
726 1623 819 1682 codiee
831 1622 1033 1692 Soletstatensi,
1052 1641 1108 1697 quo

92 1715 250 1785 utrunque
272 1729 345 1784 opus
368 1713 464 1770 eodem
490 1712 635 1770 uolumine
658 1713 840 1770 coniunctura
861 1716 965 1785 postea
986 1714 1109 1786 inipso

93 1797 197 1874 Aupia
219 1802 370 1874 repetitum
393 1800 483 1859 esar*
527 1801 615 1859 istarn
641 1800 748 1859 scilieet
774 1801 997 1874 appendiculam
1024 1803 1108 1861 cuius

166 2003 193 2070 *)
219 2004 287 2070 folio
311 2006 383 2058 158b
406 2005 505 2071 finitur
530 2004 644 2058 ultimus
671 2006 814 2073 quaternio
839 2005 912 2072 XX,
940 2012 1003 2073 post
1030 1998 1108 2076 quern

90 2075 217 2129 uolumen
243 2075 378 2129 claudunt
401 2081 531 2144 quattuor
552 2075 796 2141 fotio159-162.
834 2092 867 2129 ea
885 2077 1028 2145 prioribus
1051 2077 1107 2131 duo

93 2147 284 2215 quaterniones
307 2146 410 2200 XIIII
428 2153 453 2200 et
473 2145 534 2200 XV
554 2151 664 2214 septena
686 2151 794 2200 tantum
816 2147 887 2212 folia
908 2148 1020 2214 trabem,
1043 2149 1107 2202 itenr

87 2223 154 2286 post
172 2216 192 2282 f.
208 2219 264 2270 108
286 2222 312 2270 et
329 2220 383 2271 114
400 2217 512 2287 sinpuia
533 2217 604 2284 folia
626 2218 714 2271 recisa
735 2222 809 2283 sunt,
827 2224 901 2286 'quae
923 2219 1014 2272 eadern
1036 2220 1107 2285 forte

92 2301 180 2341 causa
197 2288 313 2341 inutilia
331 2293 416 2341 esseut
434 2304 516 2356 quarn
535 2304 603 2356 quae
616 2289 726 2357 popina
741 2303 818 2341 versa
831 2303 920 2341 anua
932 2289 1028 2343 relicta
1041 2296 1107 2343 sunt

90 2360 111 2425 f.
133 2361 195 2425 84⁶,
214 2362 268 2413 103
275 2362 295 2422 b,
314 2361 395 2425 1330,
413 2361 492 2413 145⁶.
508 2360 513 2370 ’
529 2375 604 2428 quern
622 2358 738 2412 codicem
757 2359 805 2426 qui
823 2364 848 2412 et
864 2359 994 2425 foliorum
1015 2361 1106 2426 forma

90 2431 232 2499 quadrata
253 2435 279 2482 et
297 2431 468 2499 popinarum
491 2431 596 2483 ambitu
617 2429 707 2499 effipia
730 2429 850 2498 quadarn
871 2431 980 2483 minuta
1001 2433 1104 2499 repetit,

90 2501 174 2554 etiarn
191 2516 303 2554 numero
320 2500 450 2566 foliorum
472 2506 600 2570 aequaret
619 2505 712 2554 ‘tentus
734 2499 943 2568 Serenianus,
966 2502 1024 2555 nisi
1041 2508 1106 2570 post

88 2572 111 2638 f.
127 2575 182 2625 110
200 2572 282 2640 (quod
299 2571 397 2638 initur
410 2573 450 2625 ed.
461 2588 491 2640 p,
506 2574 570 2639 200,
581 2573 618 2624 17
631 2576 695 2639 post
713 2588 736 2625 a.
751 2570 850 2637 ferum,
869 2577 901 2625 ut
914 2571 996 2626 Harl.
1016 2573 1036 2638 f.
1052 2577 1106 2628 110

88 2643 188 2709 finitur
198 2642 237 2696 ed.
249 2657 279 2709 p.
290 2645 400 2709 200,18
409 2648 473 2711 post
485 2659 510 2696 o.
526 2639 688 2710 dissolvere)
701 2643 733 2695 in
747 2643 806 2710 ipso
816 2643 939 2711 primurn
951 2643 1018 2709 folio
1029 2648 1106 2712 117⁰,

88 2719 122 2767 ut
150 2715 250 2767 iterata
274 2713 331 2767 uice
358 2713 450 2780 infra,
479 2713 625 2767 enittendo
648 2719 791 2781 peccasset.
833 2713 1007 2768 Harleianus
1033 2716 1105 2769 enirn

87 2784 287 2854 prandioribus
310 2784 408 2838 titteris
429 2783 566 2853 verbisque
587 2785 645 2838 sine
667 2785 824 2852 compendio
847 2786 895 2852 (ea
920 2787 1105 2853 euempiari

87 2855 222 2923 quidem
239 2855 478 2923 compendioso)
497 2855 649 2923 euseriptus
667 2855 764 2909 latiore
781 2857 872 2923 spatio
890 2856 988 2909 utitur.
1018 2857 1105 2923 speci·

88 2941 151 2979 rnen
173 2925 325 2994 scripturae
347 2926 427 2980 habes
449 2926 480 2979 in
504 2923 591 2979 (tutat.
615 2926 650 2991 of
667 2927 777 2980 ancient
798 2941 857 2979 mss.
882 2927 914 2979 in
936 2926 978 2980 tire
996 2927 1105 2980 Britrsti

89 2995 221 3050 Museuni
234 2996 266 3049 P.
281 2996 321 3050 II
330 2995 429 3065 (Laud.
445 2997 528 3063 1884)
547 2997 601 3051 tab.
617 2999 660 3050 55.

163 3067 208 3135 **)
233 3066 430 3121 Seietstatensis
456 3067 557 3121 codicis
575 3083 658 3134 pars
676 3068 774 3136 prior
802 3084 820 3120 a
846 3067 951 3121 duobus
977 3068 1105 3122 inanibus

86 3139 194 3206 scripta
211 3139 282 3204 fuit,
304 3154 421 3206 quarum
439 3138 527 3192 altera
552 3137 758 3204 Olauiouiae,
776 3143 842 3206 post
855 3138 999 3207 proloquia
1017 3144 1043 3191 et
1059 3139 1103 3191 in·

88 3211 189 3277 dicein,
206 3209 373 3276 particulam
392 3209 502 3276 scripsit
521 3209 553 3275 (f.
569 3211 685 3275 1-12),
711 3209 802 3262 eadem
820 3207 973 3262 Ferentini
990 3215 1103 3276 teaturn,

88 3296 167 3349 quern
189 3281 336 3348 irneperat,
357 3279 469 3349 reliquit
495 3279 688 3348 imperfectum.
730 3279 818 3333 altera
840 3278 957 3333 eiusdem
979 3280 1103 3349 Mappae

86 3351 200 3419 aliaque
223 3350 256 3404 de
278 3350 413 3404 coloritus
435 3355 482 3403 etc.
506 3355 663 3418 excerpta
686 3349 762 3404 dedit
783 3351 864 3404 uaria
887 3356 967 3418 atque
987 3351 1103 3417 confusa

88 3422 181 3483 tribus
198 3422 329 3487 foliorum
347 3421 573 3489 quaternionibus
588 3422 669 3489 (siqu.
684 3420 797 3488 I—III,
815 3421 835 3487 f.
852 3423 972 3487 13-38)
988 3438 1103 3490 quorum

87 3493 166 3547 tertii
183 3493 215 3545 in
232 3493 320 3546 attera
334 3497 423 3559 parte,
442 3497 502 3560 post
519 3493 623 3546 inserta
641 3492 697 3546 duo
714 3491 766 3545 iila
785 3492 856 3558 folia
874 3491 1108 3547 delineationiuus
