2416 3922
338 156 387 211 aa
406 154 684 211 nncmrucscar
701 155 768 210 ars.
787 155 821 225 n
840 161 858 208 4
1060 156 1103 220 39

91 306 307 383 quaerendum,
338 308 373 364 ut
404 324 439 364 ea
471 307 511 365 sit
539 305 646 364 idonea
673 306 711 364 ad
738 307 893 364 materiem
923 305 1104 364 miscendam

90 415 187 471 neque
209 395 320 454 habeat
342 397 452 453 terram
475 395 671 453 commixtam.
717 413 825 471 genera
849 396 949 452 autem
975 396 1103 454 harenae

89 485 230 544 fossiciae
257 486 326 544 sunt
352 483 439 558 haec,
461 483 560 561 nigra,
584 501 671 558 cana,
693 482 796 557 rubra,
819 483 1022 543 carbunculus.
1068 504 1104 542 ex

54 573 137 637 (athis
154 565 158 654 Ι
176 591 252 648 quae
270 574 302 631 in
320 591 411 630 manu
430 572 592 630 confricata
609 572 713 631 fecerit
731 572 887 631 stridorem
906 573 963 630 erit
981 573 1104 648 optima,

66 680 170 738 equae
193 664 294 720 autem
316 664 430 720 terrosa
454 661 545 719 fuerit
570 680 629 719 non
650 659 772 718 habebit
795 661 995 736 asperitatem.
1031 662 1104 720 item

91 752 117 810 si
139 751 173 808 in
190 751 400 810 vestimentum
423 749 581 808 candidum
604 767 639 807 ea
662 749 795 808 coniecta
812 750 912 825 fuerit,
934 752 1038 824 postea
1056 769 1103 808 ex-

92 857 179 898 cussa
196 839 245 898 vel
267 839 331 899 lota
353 838 384 896 id
402 856 463 896 non
480 838 646 913 inquinarit
663 857 758 913 neque
777 837 819 895 ibi
839 840 918 896 terra
937 838 1104 915 substiterit,

92 929 150 987 erit
171 928 288 986 idonea.
325 926 370 986 sin
388 929 489 986 autem
506 945 567 985 non
584 929 671 984 erunt
688 927 846 984 harenaria
864 927 941 985 unde
964 927 1103 1003 fodiatur,
1123 927 1140 974 2

47 1020 158 1079 comm
172 1017 209 1076 de
226 1007 405 1097 flumitnibus
425 1018 477 1074 aut
496 1035 512 1073 e
530 1016 632 1092 glarea
647 1016 704 1073 erit
722 1015 911 1091 exoemenda,
929 1034 989 1074 non
1006 1017 1104 1075 minus

54 1128 79 1167 ro
92 1105 186 1164 etiam
209 1105 245 1164 de
272 1105 359 1163 litore
382 1104 506 1164 marino.
551 1104 602 1164 sed
626 1105 715 1162 eain
738 1105 893 1163 structuris
915 1105 988 1164 haec
1014 1104 1105 1163 habet

92 1194 178 1270 vitia,
191 1193 351 1252 difficulter
364 1194 505 1266 siccescit‚
523 1211 619 1268 neque
633 1192 749 1252 onerari
764 1211 794 1251 se
809 1194 993 1251 continenter
1006 1194 1104 1269 paries

91 1284 209 1359 patitur
236 1283 294 1340 nisi
326 1280 591 1341 intermissionibus
618 1282 798 1356 requiescat,
829 1300 925 1356 neque
953 1299 1105 1340 concama-

92 1372 226 1432 rationes
253 1371 368 1446 recipit.
413 1371 528 1428 marina
556 1373 656 1428 autern
681 1369 888 1445 hocamplius
913 1369 1105 1445 quodetiam
1180 1419 1183 1424 .

47 1472 82 1523 11⁵)
91 1461 232 1536 parietes,
256 1479 322 1519 curn
340 1460 372 1517 in
390 1459 415 1518 is
437 1450 440 1539 t
461 1460 586 1517 tectoria
602 1460 684 1518 facta
701 1459 822 1533 fuerint,
844 1459 1029 1517 remittentes
1048 1459 1105 1518 sal-

53 1568 78 1610 15
92 1548 230 1627 sugincm
267 1549 383 1607 corium
411 1548 584 1606 dissolvunt.
638 1548 774 1606 fossiciae
806 1566 875 1605 vero
909 1547 1043 1606 celeriter
1073 1546 1140 1606 in3

93 1636 251 1698 structuris
279 1638 453 1712 siccescunt,
481 1638 512 1695 et
538 1637 664 1695 tectoria
685 1638 873 1712 permanent,
901 1636 931 1694 et
953 1654 1106 1695 concama-

93 1726 226 1786 rationes
252 1727 422 1802 patiuntur,
450 1725 501 1784 sed
529 1744 580 1783 eae
609 1743 685 1800 quae
712 1727 781 1783 sunt
808 1725 844 1783 de
870 1724 1035 1783 harenariis
1061 1746 1105 1783 re-

93 1818 203 1875 centes.
244 1816 270 1873 si
293 1815 373 1872 enirn
396 1816 548 1889 exemptae
571 1814 683 1871 diutius
705 1813 813 1887 iacent,
836 1813 873 1870 ab
898 1814 959 1871 sole
983 1816 1013 1871 et
1035 1814 1106 1872 luna

50 1916 84 1966 ²⁰)
94 1907 126 1963 et
138 1903 247 1980 pruina
261 1905 417 1962 concoctae
435 1902 625 1961 resolvuntur
643 1906 673 1960 et
690 1895 692 1978 ξ
709 1901 785 1960 fiunt
802 1904 940 1962 terrosae.
976 1901 1021 1960 ita
1040 1921 1107 1961 cum

54 2013 80 2052 ao
93 1994 127 2052 in
150 1994 332 2051 structuram
350 1991 523 2065 coiciuntur,
545 2010 605 2049 non
622 1993 748 2066 possunt
771 1991 920 2049 continere
944 1995 1105 2067 caementa,

94 2081 147 2140 sed
170 2099 206 2139 ea
228 2083 319 2138 ruunt
342 2082 372 2139 et
394 2080 535 2138 labuntur
554 2098 643 2139 onera
663 2097 739 2154 quae
756 2079 885 2154 parietes
904 2098 964 2137 non
982 2084 1107 2155 possunt

93 2171 249 2229 sustinere.
284 2171 416 2228 recentes
430 2172 530 2227 autern
543 2169 680 2228 fossiciae
697 2186 764 2226 cum
781 2169 813 2224 in
831 2168 986 2226 structuris
1005 2172 1106 2226 tantas

93 2258 226 2317 habeant
242 2258 378 2331 virtutes,
401 2276 453 2315 eae
471 2257 503 2315 in
525 2257 649 2317 tectorio
668 2256 735 2314 ideo
754 2273 813 2314 non
832 2260 901 2315 sunt
919 2256 1007 2314 utiles
1028 2258 1106 2331 quod

167 2485 183 2532 3
202 2477 388 2533 carbunculus
405 2477 502 2548 G(S²):
521 2477 592 2531 -lum
605 2477 669 2531 Hs,
688 2478 731 2544 116
750 2475 878 2530 coniecta
892 2476 956 2533 GS:
978 2479 1108 2532 contecta

95 2551 134 2605 H.
158 2553 168 2620 ΙΙ
191 2556 206 2604 1
225 2549 271 2604 vel
289 2550 361 2605 lota:
380 2548 426 2603 vel
444 2548 502 2603 icta
519 2567 546 2602 r.
572 2550 576 2618 Ι
600 2546 763 2602 subsiderit:
782 2550 822 2602 sic
839 2565 866 2602 x.
890 2549 899 2618 tt
922 2553 937 2601 9
956 2551 1017 2602 tum
1030 2549 1066 2602 Η
1068 2549 1105 2604 G:

94 2626 164 2676 tunc
179 2620 206 2676 S.
234 2623 243 2690 ΙΙ
271 2627 302 2674 11
324 2619 436 2690 sicces(r
451 2618 525 2690 cpit
538 2619 613 2674 1160
631 2618 708 2689 (scit
722 2619 756 2689 S)
780 2619 783 2686 Ι
807 2617 1108 2692 continentertrecipit

95 2691 190 2763 paries
207 2691 316 2761 patitur
332 2734 337 2744 .
354 2735 359 2745 .
376 2735 381 2746 .
396 2690 505 2760 recipit.
519 2688 628 2744 marina
643 2690 678 2743 H
688 2692 761 2759 (item
774 2689 855 2758 net,
873 2692 943 2744 sccii
961 2698 1024 2746 cate
1038 2709 1106 2747 corr.

96 2796 131 2804 -
150 2765 198 2834 qai
220 2764 292 2817 inter
314 2763 400 2816 lineas
423 2763 621 2831 adscripsit-
640 2764 731 2816 omisit
752 2778 785 2816 ea
808 2778 876 2829 qaae
898 2763 1012 2828 facescat
1036 2765 1108 2818 tator

95 2836 152 2890 duo
170 2835 221 2888 illo
239 2832 340 2902 recipit
353 2834 478 2902 deditque
492 2832 666 2887 continenter
679 2832 795 2902 recipit.
806 2832 924 2898 marina,
943 2841 1023 2902 atquc
1036 2835 1108 2887 idem

94 2926 156 2978 stac
173 2923 256 2977 datio
274 2922 375 2987 fecerat
388 2921 417 2989 S,
434 2923 483 2975 ubi
500 2939 575 2975 abac
588 2921 619 2975 8⁶
636 2920 812 2974 continenter
830 2908 956 2992 <³paries
979 2923 1010 2974 ia
1030 2919 1107 2992 ras.)

95 3009 208 3064 Mariua
221 3027 283 3065 cam
299 3011 432 3079 suppletis
450 3011 481 3063 ia
499 3012 556 3064 ima
570 3014 678 3080 popina
691 3011 778 3064 arrhis
796 3007 917 3079 'patitur
932 3050 937 3061 .
954 3051 959 3061 .
976 3006 1106 3076 ,recipit

95 3085 155 3137 stac
170 3082 264 3150 lapsus
277 3083 388 3151 ccettpc'c
400 3081 434 3135 G.
456 3083 549 3149 itaque
562 3083 601 3135 stc
615 3087 705 3135 statuo
719 3079 893 3134 continentes
907 3077 1000 3148 paries
1012 3077 1106 3147 G(S⁶):

96 3151 273 3207 continenter
293 3151 393 3221 recipit
415 3150 508 3221 paries
523 3150 584 3205 HS.
613 3153 623 3220 ΙΙ
651 3156 683 3203 12
702 3154 757 3220 (16)
777 3149 1032 3206 concamerationes
1051 3165 1079 3202 x.
1098 3148 1108 3220 t

97 3229 132 3277 14
146 3223 183 3278 is:
198 3222 243 3275 his
252 3240 279 3277 c.
297 3227 301 3291 Ι
317 3222 491 3276 remittentes
505 3220 706 3291 (remittentese
718 3223 752 3290 G,
765 3225 837 3277 ande
851 3222 888 3275 ad
901 3220 970 3289 Fac.
980 3237 1007 3288 p.
1017 3221 1107 3286 295,5

96 3294 190 3349 Ans
207 3292 350 3362 salsugine
374 3309 424 3346 sua
448 3309 477 3346 se
500 3291 676 3361 remittente)
699 3291 872 3362 salsuginem
895 3293 951 3359 (nc
974 3292 1056 3344 etiam
1071 3291 1107 3359 G)

97 3381 194 3419 eorum
212 3363 404 3418 dissolvuntur
421 3381 448 3418 a.
472 3366 482 3434 ΙΙ
505 3369 537 3417 17
557 3379 619 3417 eae:
638 3362 693 3416 hae
708 3363 748 3431 H,
764 3363 801 3437 hp
816 3363 843 3422 S.
862 3362 915 3432 hec
930 3362 963 3416 G.
988 3363 997 3431 {t
1021 3366 1053 3414 21
1074 3377 1107 3415 ea

96 3438 183 3489 ruunt
198 3435 259 3490 GS:
279 3437 378 3488 cerunt
392 3434 430 3488 H.
448 3434 452 3506 Ι
469 3450 608 3502 oneraque
626 3451 653 3488 a.
668 3436 724 3503 {123
744 3450 794 3488 eae
808 3434 851 3488 H:
870 3433 924 3486 hae
940 3433 974 3500 G,
992 3433 1044 3505 hee
1059 3432 1086 3488 S.
1102 3431 1105 3504 t

96 3505 217 3561 tectorio
237 3507 278 3576 (at
291 3523 322 3575 p.
337 3511 381 3574 41,
392 3509 434 3575 2):
454 3504 517 3558 -riis
535 3524 562 3560 rc.
