2416 3922
98 153 121 216 4
523 149 689 206 VITRUVII

63 310 81 357 5
99 302 239 362 historias
264 305 365 360 autem
386 302 486 377 plures
509 301 626 361 novisse
650 303 776 377 oportet,
801 301 881 376 quod
902 301 1001 360 multa
1023 320 1111 361 orna-

98 394 200 450 menta
227 409 315 474 saepe
342 392 374 449 in
402 390 539 466 operibus
567 389 721 449 architecti
744 389 914 467 designant,
941 390 1111 466 dequibus

100 479 269 558 argumenti
306 480 455 538 rationem
493 498 547 537 our
581 480 707 537 fecerint
742 479 953 554 quaerentibus
988 479 1111 538 reddere

99 569 216 629 debent.
249 568 497 644 quemadmodum
516 568 541 626 si
556 568 607 643 qui
626 571 743 626 statuas
756 586 936 626 marmoreas
950 568 1111 627 muliebres

99 659 233 732 stolatae,
257 676 335 732 quae
353 657 520 732 caryatides
539 656 687 732 dicuntur,
709 675 763 732 pro
784 651 788 732 l
809 657 953 716 columnis
971 657 1003 715 in
1023 669 1155 733 operoso

100 747 242 806 statuerit
263 749 294 805 et
316 746 438 821 insuper
459 746 592 805 mutulos
616 749 646 804 et
668 763 791 804 coronas
815 745 1022 820 conlucerent,
1044 765 1112 821 per·

100 835 291 895 centensibus
319 835 363 893 ita
390 833 494 893 reddet
515 834 670 893 rationem.
717 833 814 909 Carya
837 834 942 893 civitas
965 834 1112 910 Pelopon-

100 925 200 983 nensis
232 943 300 982 oum
330 923 428 982 Persis
460 923 594 983 hostibus
627 927 730 981 contra
762 922 918 981 Graeciam
954 924 1112 999 consensit,

100 1016 206 1090 postea
230 1011 336 1071 Graeci
362 1031 417 1088 per
442 1012 599 1071 victoriam
626 1012 754 1089 gloriose
780 1011 859 1070 bello
886 1011 1004 1070 liberati
1034 1030 1113 1070 oom-

100 1101 186 1160 muni
214 1101 336 1161 consilio
362 1100 538 1176 Caryatibus
565 1101 678 1159 bellum
707 1101 883 1159 'ndirerunt
929 1101 1031 1176 itaque
1059 1119 1112 1177 op·
1127 1123 1153 1162 ro

101 1190 172 1266 pido
193 1185 197 1268 l
218 1193 305 1266 capto
333 1190 406 1249 viris
437 1190 601 1249 interiectis
629 1121 751 1248 oiviPate
778 1189 933 1248 desacrata
960 1192 1112 1248 matronas
1123 1202 1155 1253 (15

99 1298 202 1339 eorum
232 1280 265 1337 in
296 1279 472 1338 servitutem
500 1279 698 1352 abduxerunt,
730 1296 784 1337 nec
811 1282 881 1337 suut
907 1279 989 1353 passi
1018 1279 1113 1338 stolas

97 1387 194 1444 neque
217 1370 340 1427 ornatus
362 1369 544 1426 matronales
564 1367 717 1442 deponere,
741 1367 786 1425 uti
804 1385 864 1425 non
881 1386 942 1425 una
959 1367 1112 1443 triumpho

99 1458 278 1515 ducerentur
296 1456 347 1515 sed
366 1459 486 1515 aeterno
506 1456 658 1514 servitutis
677 1455 811 1531 exemplo
826 1456 912 1533 gravi
930 1457 1112 1515 contumelia

98 1563 219 1622 pressae
241 1562 353 1620 poenas
375 1544 503 1620 pendere
526 1544 698 1603 viderentur
720 1562 774 1620 pro
798 1544 928 1603 civitate.
969 1545 1036 1602 ideo
1060 1545 1112 1620 qui
1127 1565 1152 1606 15

101 1637 174 1692 tune
207 1632 361 1692 architecti
381 1628 385 1710 Ι
405 1634 526 1691 fuerunt
556 1633 696 1692 aedificiis
727 1633 854 1708 publicis
882 1633 1155 1711 designaveruntoo

101 1741 205 1780 earum
222 1721 368 1798 imagines
387 1722 469 1780 oneri
487 1723 612 1780 ferundo
628 1722 804 1796 conlocatas,
823 1724 859 1780 ut
875 1723 966 1780 etiam
984 1723 1112 1798 posteris

65 1814 173 1876 encta
195 1829 291 1886 poena
314 1811 429 1886 peccati
452 1809 626 1886 Caryatium
648 1811 808 1870 memoriae
830 1811 1006 1870 traderetur.
1052 1831 1112 1870 non

99 1900 197 1958 minus
220 1899 361 1976 Lacones,
383 1899 533 1958 Pausania
556 1899 764 1977 Agesipolidos
786 1899 847 1958 filio
872 1900 953 1975 duee,
975 1900 1111 1959 Plataico

98 1990 212 2065 proelio
239 2006 336 2064 pauca
362 2008 455 2047 manu
479 1984 483 2066 l
508 1989 659 2047 infinitum
685 2007 842 2046 numerum
869 1989 1014 2048 exereitus
1041 1989 1146 2054 Per-5

100 2096 201 2136 sarum
224 2096 292 2136 cum
315 2078 543 2152 superavissent,
568 2080 635 2136 acto
659 2096 727 2136 cum
750 2077 845 2154 gloria
867 2078 1020 2153 triumpho
1044 2096 1111 2153 spo·
1125 2101 1150 2138 21

100 2166 210 2227 liorum
232 2169 263 2225 et
281 2168 417 2242 praedae,
441 2167 590 2242 porticum
608 2166 757 2225 Persicam
780 2186 815 2224 ex
834 2166 991 2240 manubiis,
1013 2166 1112 2226 laudis

102 2258 133 2314 et
155 2256 276 2316 virtutis
300 2256 410 2315 civium
432 2255 572 2329 indicem,
594 2255 737 2314 victoriae
762 2255 889 2330 posteris
911 2274 965 2330 pro
987 2258 1112 2331 tropaeo

100 2344 328 2419 constituerimt,
341 2345 443 2420 ibique
458 2345 644 2419 captivorum
661 2336 664 2424 Ι
681 2343 841 2403 simulacra
853 2343 1008 2403 barbarico
1018 2345 1110 2404 vestis
1120 2355 1149 2407 (5)

101 2436 221 2509 ornatu,
253 2433 392 2508 superbia
419 2432 533 2491 meritis
561 2432 748 2491 contumeliis
779 2432 898 2508 punita,
931 2433 1111 2492 sustinentia
1125 2453 1150 2494 25

100 2525 213 2581 tectum
240 2523 481 2597 conlocaverrmt,
509 2522 555 2580 uti
583 2524 612 2580 et
638 2521 737 2580 hostes
759 2522 974 2597 horrescerent,
1003 2521 1111 2581 timore

101 2630 202 2669 eorum
224 2610 410 2669 fortitudinis
433 2611 566 2684 effectuS,
590 2613 621 2668 et
643 2611 721 2669 cives
744 2611 776 2669 id
799 2611 966 2686 exemplum
989 2610 1110 2669 virtutis

102 2699 277 2774 aspicientes
300 2699 397 2775 gloria
420 2699 509 2757 erecti
533 2700 571 2756 ad
589 2699 803 2757 defendendam
825 2698 995 2758 libertatem
1013 2703 1112 2758 essent

173 2947 189 2994 3
209 2937 381 3010 argumentis
394 2955 421 2993 rc.
436 2940 477 3007 114
495 2936 519 2990 si
538 2937 600 3006 quis
618 2956 639 2993 a
657 2941 698 3008 (ut
712 2957 742 3008 p.
758 2943 851 3010 7,14).
870 2942 879 3010 ΙΙ
898 2944 913 2992 5
933 2939 1020 3010 eary(i
1029 2940 1064 2993 H
1067 2939 1112 3010 S)-

103 3011 194 3066 atides
216 3029 244 3065 x.
271 3012 281 3080 11
308 3008 577 3079 6perc0ntantibus
601 3011 676 3067 HG:
708 3010 940 3133 percuntantibus
964 3011 1019 3077 ΗΟ,
1050 3027 1112 3080 per·

103 3081 300 3137 cunctantibus
319 3079 413 3150 S(G⁰).
436 3082 446 3150 ΙΙ
469 3086 484 3133 7
504 3079 580 3134 caria
598 3098 626 3136 c.
650 3087 653 3147 Ι
676 3097 711 3152 pe
724 3083 886 3151 oponnessis
904 3082 943 3150 H,
967 3081 1111 3151 -ponensis

102 3154 162 3210 GS.
185 3155 194 3222 ΙΙ
218 3157 252 3205 10
271 3149 431 3220 caryatibus
450 3152 490 3219 H,
513 3151 673 3221 cariatybus
694 3153 728 3220 G,
752 3153 905 3206 cariatibus
925 3153 951 3208 S,
974 3154 984 3222 i
1007 3158 1038 3206 11
1065 3152 1112 3207 de-

103 3223 211 3279 clarata
228 3241 256 3278 ee.
279 3225 288 3292 ΙΙ
312 3228 345 3275 13
364 3239 421 3276 una
444 3225 511 3293 (una
529 3223 561 3293 S)
584 3225 623 3278 sic
640 3241 667 3278 a.
691 3225 700 3292 ΙΙ
724 3229 756 3277 16
776 3223 1013 3295 (designaverunt)
1037 3223 1112 3292 quod

101 3293 209 3350 aare
228 3296 237 3363 ΙΙ
257 3298 289 3347 17
309 3309 394 3348 onera
408 3294 449 3349 8⁶.
466 3297 470 3360 Ι
486 3294 603 3348 ferundo
618 3294 661 3348 H:
680 3294 794 3349 ferendo
814 3295 925 3351 H⁶GS.
939 3296 948 3365 ΙΙ
963 3300 996 3348 18
1016 3311 1112 3364 carya-

102 3364 175 3420 tium
193 3381 220 3419 oc.
234 3367 244 3435 ss
259 3370 291 3419 19
310 3365 334 3418 A
356 3364 518 3434 esipolidos:
537 3365 639 3435 hagest
657 3363 724 3419 illae
743 3365 801 3434 (ille
817 3368 852 3434 G,
870 3364 1020 3438 hagestille
1035 3366 1112 3435 86⁶)

103 3435 214 3562 proliclilos
239 3455 273 3564 3c.
304 3441 308 3506 Ι
335 3382 477 3492 Plataico:
509 3435 616 3506 pitaloo
643 3454 671 3490 r.
697 3437 715 3505 ἸΙ
748 3441 782 3490 23
809 3439 934 3509 tropae(e
959 3437 1013 3506 G)o
1037 3436 1111 3492 HG:

130 3523 166 3578 op
186 3523 219 3563 eo
260 3551 265 3563 .
