2416 3922
118 166 183 231 288
445 165 482 218 M.
502 164 584 219 OETI
602 163 803 219 FAVENTINI

117 336 255 377 occasum
276 334 330 376 vas
357 316 528 391 plumbeum
555 318 609 374 aut
631 333 755 373 aeneum
782 314 929 374 mundum
950 315 1129 377 intrinsecus

119 397 311 488 lpenmctum
333 405 398 463 oleo
421 404 453 463 in
479 404 571 462 imam
597 405 744 464 fossuram
774 403 926 464 inversum
954 405 1131 481 conlocetur,
1139 417 1175 468 (¹⁰)

118 513 266 571 supraque
289 495 436 552 fossuram
457 492 611 552 frondibus
629 493 677 552 vel
699 492 915 553 harundinibus
932 494 1033 554 missis
1051 498 1131 554 terra

117 584 282 642 inducatur.
333 583 406 641 item
437 582 498 640 alia
529 582 576 640 die
609 582 774 657 aperiatur,
807 585 838 641 et
868 582 895 641 si
927 582 1049 642 sudores
1080 585 1131 643 aut

119 673 216 731 stillae
235 673 267 730 in
284 690 356 731 vaso
374 671 570 746 invenientur,
588 670 614 730 is
633 671 716 730 locus
734 671 797 730 sine
816 670 1003 731 dubitatione
1023 690 1154 748 aquams

117 760 246 820 hebebit.
291 762 364 818 item
387 760 412 818 si
433 778 487 820 vas
511 779 546 818 cx
569 761 650 818 creta
672 761 783 818 siccum
804 777 865 819 non
888 763 1006 820 coctum
1029 760 1131 821 eadem

117 850 233 909 ratione
265 841 405 931 polsitum
437 852 467 908 et
499 851 636 924 opertum
666 847 769 924 1110111,
802 849 828 908 11
854 848 880 908 11
907 850 992 909 locus
1023 859 1175 927 aquamld)

117 939 251 1012 habebit,
284 938 345 996 alia
371 938 418 996 die
446 956 498 997 vas
521 956 624 996 umore
652 937 782 996 solutum
808 937 984 997 invenietur.
1036 939 1130 999 vellus

118 1028 205 1087 lanae
228 1027 366 1086 similiter
387 1027 420 1084 in
439 1044 472 1084 eo
495 1026 560 1085 loco
578 1027 712 1102 positum
730 1026 756 1085 si
773 1029 894 1085 tantum
912 1027 1025 1087 umoris
1044 1028 1130 1088 colle·

119 1117 196 1193 gerit
225 1120 259 1174 ut
286 1117 347 1173 alia
374 1116 422 1174 die
449 1115 575 1191 exprimi
596 1115 706 1190 possit,
732 1134 872 1192 magnam
895 1117 1013 1192 copiam
1036 1135 1131 1193 aquae
1144 1135 1165 1175 11

118 1206 217 1264 locum
238 1205 347 1263 habere
370 1203 524 1281 significat.
565 1204 686 1263 lucerna
707 1205 797 1280 plena
820 1204 885 1264 oleo
907 1205 1031 1265 incensa
1053 1206 1079 1265 si
1101 1206 1132 1264 in

119 1294 222 1353 eodem
248 1294 313 1353 loco
342 1293 479 1352 similiter
506 1293 650 1368 adoperta
676 1293 708 1351 in
728 1285 732 1374 Ι
753 1293 814 1351 alia
841 1293 889 1352 die
916 1294 1020 1354 lucens
1043 1295 1175 1354 nentia>

118 1384 254 1458 inventa,
284 1382 429 1440 indicabit
461 1401 529 1440 eum
560 1382 657 1440 locum
685 1401 794 1457 aquam
820 1382 943 1459 habere,
974 1386 1131 1460 propterea

120 1472 199 1547 quod
227 1471 321 1530 omnis
349 1471 431 1530 calor
453 1471 492 1528 ad
514 1489 545 1529 se
567 1471 661 1529 trehit
687 1464 946 1548 11010101111110111
972 1472 1007 1530 in
1030 1473 1184 1533 eodemftl

120 1562 184 1618 loco
208 1560 234 1618 si
255 1562 355 1618 focum
381 1560 484 1618 feceris
513 1562 542 1618 et
564 1561 710 1635 vaporata
739 1562 820 1618 terra
846 1560 981 1618 umidum
1009 1561 1164 1621 nebulo-15

120 1667 243 1724 sumque
265 1649 378 1706 fumum
404 1648 599 1724 suscitaverit,
624 1649 754 1707 ostendit
770 1649 870 1707 locum
888 1668 1000 1725 aquam
1017 1650 1130 1710 habere.

121 1757 189 1796 cum
211 1737 283 1795 haec
305 1737 349 1795 ita
371 1737 482 1795 fuerint
504 1740 623 1812 reperta
647 1738 734 1796 certis
758 1737 865 1815 signis,
888 1738 920 1795 in
943 1739 1132 1799 altitudinem

120 1826 204 1901 putei
231 1824 399 1884 defodiendi
423 1829 508 1884 erunt
535 1845 690 1903 quousque
718 1829 809 1902 caput
831 1845 929 1903 aquae
952 1819 1163 1910 invelniaturb)

121 1918 173 1973 aut
196 1914 221 1973 si
244 1914 331 1990 plura
354 1915 465 1973 fuerint
487 1914 519 1972 in
541 1935 633 1973 unum
657 1915 844 1993 colligantur.
881 1917 1010 1976 maxime
1033 1921 1131 1976 tamen

121 2003 174 2061 sub
205 2002 355 2062 radicibus
384 2003 533 2062 montium
564 2003 596 2061 in
631 2005 751 2081 regione
788 2005 1015 2080 septentrionali
1048 2006 1164 2083 signare

121 2111 216 2168 aquae
240 2095 309 2151 sunt
333 2092 508 2168 quaerenda.
549 2093 582 2149 in
604 2093 649 2152 his
674 2094 752 2152 enim
774 2093 847 2153 locis
871 2112 976 2153 suaves
1001 2097 1032 2153 et
1054 2095 1129 2154 salu-

118 2181 185 2240 bres
209 2183 239 2240 et
262 2180 491 2240 abundantiores
513 2181 713 2257 inveniuntur,
736 2184 877 2257 quoniam
897 2185 1025 2242 naturae
1046 2182 1130 2242 bene·

119 2270 185 2329 ficio
214 2290 233 2328 a
260 2271 330 2329 solis
363 2288 450 2329 cursu
481 2273 657 2345 separantur
684 2273 714 2330 et
741 2270 879 2330 arborum
907 2275 960 2331 aut
985 2273 1130 2332 montium

120 2359 231 2417 umbris
252 2353 256 2437 Ι
276 2360 394 2418 velatae
411 2359 522 2435 frigida
540 2361 639 2437 gratia
658 2362 780 2436 aestate,
803 2361 926 2419 hiberno
945 2361 1048 2436 tepida
1066 2367 1172 2421 sua-(¹⁰)

121 2449 216 2506 vitate
239 2448 393 2522 profluent.
1143 2464 1164 2506 re

13 2530 55 2622 lm
47 2530 82 2622 {³110
91 2541 137 2622 ¹322]
216 2537 252 2594 ln
265 2540 424 2612 puteorum
433 2539 534 2596 autem
547 2537 726 2596 fossionibus
739 2536 897 2614 diligenter
911 2540 957 2596 est
971 2539 1131 2598 cavendum

13 2636 93 2676 onibus
114 2640 137 2675 et
151 2645 187 2683 ne
210 2625 390 2685 fodientibus
413 2626 577 2701 periculum
599 2625 661 2700 fiat,
685 2627 826 2701 quoniam
849 2645 885 2684 ex
907 2629 987 2686 terra
1012 2628 1131 2704 sulphur

13 2689 116 2730 'um'
148 2715 267 2772 alumen
299 2717 328 2773 et
350 2715 484 2774 bitumen
506 2714 650 2790 nascitur,
682 2734 758 2790 quae
780 2733 827 2773 res
855 2734 921 2774 cum
947 2717 981 2774 in
1008 2735 1040 2776 se
1067 2735 1131 2776 con·

13 2762 64 2854 11111
75 2763 134 2866 811).
148 2803 284 2862 venerint
304 2798 308 2880 Ι
328 2804 484 2879 pestiferos
498 2803 622 2880 spiritus
637 2804 785 2863 emittunt.
819 2807 849 2864 et
866 2805 962 2880 primo
982 2804 1130 2881 occupatis
1139 2810 1172 2863 (¹⁵1

122 2892 243 2952 naribus
270 2895 348 2951 tetro
376 2893 466 2951 odore
492 2892 658 2967 reprimunt
691 2893 805 2951 animas
833 2893 1020 2970 corporibuS,
1052 2897 1082 2953 et
1108 2894 1164 2953 sio

123 3000 183 3040 non
214 2981 283 3039 inde
315 2981 374 3040 cito
406 2981 539 3058 fugerint
569 2982 692 3040 celerius
724 2981 899 3040 moriuntur.
950 2982 1008 3042 hoc
1036 2986 1133 3042 autem

123 3071 235 3128 malum
266 3070 443 3146 ubicumque
479 3069 571 3129 fuerit
606 3071 662 3129 hac
692 3071 808 3129 ratione
840 3070 958 3130 vitabis.
1014 3073 1132 3131 lucerna

124 3177 247 3218 accensa
269 3159 301 3217 in
324 3178 358 3218 00
381 3160 445 3218 1000
469 3159 651 3218 demittatur.
689 3159 810 3234 quaesi
832 3159 938 3219 ardens
960 3160 1133 3220 remanserit

124 3247 187 3306 sine
205 3248 337 3323 periculo
353 3249 517 3307 descendes.
554 3249 633 3323 quod
652 3249 678 3308 si
698 3243 702 3326 Ι
723 3250 857 3323 ereptum
871 3248 899 3306 ei
916 3248 1019 3308 lumen
1037 3249 1172 3323 fueritod

125 3336 289 3395 cavendum
321 3337 377 3396 erit
408 3356 444 3393 ne
476 3338 508 3394 in
536 3356 569 3395 eo
597 3337 662 3398 loco
690 3337 892 3396 descendatur.
944 3338 996 3398 sed
1024 3339 1048 3398 si
1076 3337 1163 3396 alicae

124 3425 190 3483 loco
223 3445 301 3501 aqua
332 3444 392 3484 non
423 3426 602 3501 invenietur,
634 3427 737 3485 dextra
765 3445 799 3484 ac
827 3426 949 3486 sinistra
976 3445 1070 3504 usque
1096 3425 1132 3486 ad

124 3513 335 3573 libramentum
354 3532 449 3590 aquae
468 3515 550 3590 putei
569 3515 722 3573 fodiantur
740 3518 770 3574 et
787 3534 841 3591 per
859 3518 1041 3577 structuram
1057 3518 1130 3576 fora·
