2416 3922
1056 164 1123 218 XXI

182 308 209 377 (4
240 304 360 374 Soripuli
382 323 450 358 xvm
473 303 582 358 iaciunt
605 303 725 358 unciam.
762 303 899 359 medietas
923 307 1057 377 dragmae
1080 310 1124 362 est

108 377 184 447 scrip
217 394 250 430 us
269 379 298 430 et
316 374 424 430 obolus.
460 375 514 430 hoc
533 375 618 430 debet
635 391 753 446 pensare
772 376 888 431 coclear.

183 449 222 518 (t)
246 446 421 501 confectio
450 446 648 501 dialthaeas
676 447 849 502 calastica
875 447 1004 517 recipit
1029 448 1121 504 haec.

111 561 117 574 .
135 563 140 574 .
157 562 163 573 .
182 517 303 573 troclitis
322 517 425 572 libram
442 536 485 586 rs,
503 517 581 572 faeni
598 517 693 588 graeci
712 517 842 587 eminam,
860 517 912 572 lini
926 519 1040 573 seminis
1055 520 1124 574 emi*

81 607 183 647 snam.
216 590 286 644 haec
305 588 400 643 omnia
418 588 544 642 infundis
561 605 612 659 per
629 589 754 642 triduum
771 589 802 642 in
820 606 911 658 aquae
930 591 1060 644 sextariis
1074 610 1125 644 vm

108 661 221 715 inraso
241 677 336 715 aeneo.
364 662 430 730 post
446 659 518 714 haec
535 661 596 713 tam
612 659 661 714 diu
679 660 776 728 coquis
795 661 883 715 donec
902 661 1047 716 siccentur.
1076 662 1124 717 de·

107 731 175 786 inde
195 731 271 786 colas
289 730 401 786 fortiter
419 734 448 785 et
465 746 567 800 pensas
586 731 621 785 de
641 748 706 785 suco
725 730 787 801 ipso
805 730 893 786 libras
912 752 941 801 11,
961 732 1016 786 olei
1034 733 1123 788 libras

107 822 148 870 11,¹
162 805 191 857 et
213 802 304 856 mittis
327 802 358 855 in
381 802 517 856 cacabum
540 803 568 856 et
587 801 683 871 coquis
702 802 739 856 ad
759 803 839 872 ignes
858 802 950 858 lentos
968 807 997 858 et
1015 820 1124 874 semper

109 873 216 944 agitas,
241 875 330 928 donec
356 890 437 927 sucus
456 874 636 927 consumatur
654 875 683 927 et
701 873 776 927 solus
796 873 874 928 olcus
893 877 1045 930 remaneat.
1083 875 1124 930 sic

69 964 93 1002 ro
106 944 211 999 iterum
230 945 306 999 colas
325 946 355 999 et
372 943 462 998 mittis
481 944 573 998 oleum
592 943 622 997 in
641 944 777 998 cacabum
794 946 930 999 mundum
948 949 977 1000 et
990 946 1071 1016 ponis
1086 947 1124 1000 ad

106 1016 208 1071 focum.
247 1015 329 1070 addis
353 1031 432 1070 cerae
455 1014 559 1068 libram
576 1035 599 1084 1,
623 1014 808 1084 colophoniae
830 1015 933 1071 libram
956 1037 978 1086 1,
1005 1017 1122 1089 galbani

105 1087 207 1156 optimi
224 1104 252 1143 -:·
271 1106 321 1141 m1.
364 1085 490 1152 conficis,
513 1086 609 1140 uteris.
645 1086 717 1140 facit
740 1086 815 1140 enim
838 1088 875 1141 ad
898 1089 988 1142 multa
1013 1092 1042 1143 et
1064 1105 1122 1142 non

106 1157 199 1213 solum
226 1156 386 1230 podagricis
415 1157 464 1211 sed
492 1159 521 1211 et
549 1155 673 1210 duricias
699 1156 838 1211 viscerum
865 1157 1044 1213 habentibus.
1093 1161 1122 1214 et

106 1229 305 1297 quartanarios
324 1228 354 1282 in
378 1227 521 1282 stomacho
546 1226 680 1297 imposita
702 1229 842 1297 medetur,
866 1232 895 1283 et
920 1229 944 1282 si
967 1233 1125 1298 quaesunt

69 1317 94 1358 15
109 1300 233 1354 duritiae
257 1299 349 1354 solvit.
386 1300 416 1353 et
434 1299 471 1353 ad
489 1315 584 1353 omnes
610 1298 769 1353 inflationes
788 1299 926 1353 stomachi
946 1299 1070 1373 (facit),
1095 1303 1125 1355 et

108 1388 166 1425 non
185 1371 276 1425 solum
289 1370 448 1424 inflationes
463 1372 551 1438 curat,
566 1386 662 1424 verum
677 1369 763 1424 etiam
777 1369 882 1424 ventris
896 1371 1124 1426 constrictionem

108 1442 238 1510 quamvis
262 1440 489 1510 antiquissimam
512 1440 571 1494 sine
596 1440 691 1509 aliquo
714 1441 811 1496 labore
834 1440 876 1495 ita
901 1441 986 1496 solvit
1004 1444 1033 1496 et
1053 1444 1124 1496 tem-

105 1516 188 1583 perat
206 1515 239 1567 ut
256 1511 357 1566 mirum
376 1511 421 1566 sit.
459 1511 656 1580 antiquissima
680 1511 811 1581 squibala
833 1513 950 1567 resolvit
968 1516 997 1568 et
1015 1530 1122 1567 macro-

105 1584 217 1639 nosiam
235 1601 250 1639 e
269 1583 414 1638 stomacho
433 1582 558 1637 discutit.

64 1673 91 1712 ao
178 1658 215 1725 (6)
244 1654 380 1710 Tinctio
407 1653 492 1707 vitri
519 1652 658 1723 pratini.
700 1654 770 1709 Tere
795 1653 899 1708 vitrum
926 1655 1011 1722 bene,
1038 1655 1122 1710 limas

107 1743 240 1781 aeramen
258 1725 393 1779 mundum
412 1728 441 1779 et
458 1724 554 1778 mittes
577 1724 608 1778 in
630 1725 704 1779 libra
723 1725 757 1780 de
771 1725 845 1780 vitro
865 1742 995 1780 aeramen
1008 1743 1036 1783 ÷
1048 1746 1081 1779 111
1095 1729 1125 1781 et

106 1814 210 1866 coques
224 1813 275 1867 per
289 1796 349 1851 dies
363 1799 429 1851 tres.
457 1795 536 1849 Alia
553 1794 688 1850 tinctio.
717 1795 800 1851 Teres
815 1796 919 1850 vitrum
932 1798 1013 1866 bene,
1027 1799 1123 1852 mittes

105 1884 157 1938 per
175 1868 278 1922 libram
297 1884 428 1922 aeramen
446 1866 543 1920 uncias
557 1886 586 1936 11,
606 1866 719 1921 alumen
735 1867 900 1939 aegyptium
912 1884 971 1936 ·÷·1,
996 1871 1024 1922 et
1042 1869 1124 1923 deco·

105 1956 177 2008 ques
201 1955 251 2009 per
274 1938 333 1993 dies
357 1941 422 1993 tres.
460 1938 538 1992 Alia
565 1937 675 1992 lactei
703 1938 838 1994 coloris.
874 1940 908 1992 In
930 1939 1004 1994 libra
1026 1940 1123 1994 mittes

181 2123 195 2169 1
215 2135 290 2171 xvm.
311 2118 370 2186 (sic)
385 2115 440 2170 LS
457 2118 522 2185 (pro
540 2117 637 2183 xxrm).
652 2117 661 2184 ΙΙ
676 2121 691 2168 2
711 2115 811 2169 obulus
831 2116 853 2171 S
869 2119 918 2186 qni
935 2133 985 2173 on.
1006 2117 1122 2172 coclear.

105 2189 178 2243 iden
197 2205 247 2242 on.
268 2189 349 2258 (qnod
367 2204 418 2256 seq.
437 2189 469 2240 in
487 2187 542 2254 Le)
561 2203 583 2240 c.
603 2190 628 2241 5.
649 2189 658 2256 ΙΙ
679 2205 701 2241 c.
717 2192 734 2240 5
752 2204 786 2242 en
803 2187 983 2242 Antidotario
1002 2191 1061 2259 (on.
1078 2190 1122 2257 S).

105 2258 180 2314 Conf
196 2257 303 2312 dialtea
327 2257 456 2312 calisticfi
474 2258 501 2311 L
520 2258 564 2325 (cf.
584 2256 624 2310 To
643 2257 784 2311 dialthear
805 2259 855 2312 lb.
870 2259 918 2313 Pr.
935 2276 964 2326 p.
980 2263 1045 2327 375,
1059 2261 1095 2328 3).
1113 2259 1124 2331 Ι)

104 2337 123 2384 4
146 2328 287 2384 {coclites
310 2331 339 2399 (i.
358 2347 379 2384 c.
400 2344 510 2397 myrrae
535 2327 734 2399 troglodytidis
759 2330 801 2383 oet
826 2328 905 2382 -ditis
927 2330 976 2384 Tb.
996 2330 1045 2384 Pr.
1064 2332 1123 2384 ind.

102 2455 133 2507 Ρ.
148 2440 212 2491 546.
236 2437 240 2506 l
263 2434 310 2489 lib.
323 2419 369 2507 χῇἣ)
379 2466 384 2477 ·
394 2433 846 2507 fenugrecu.emina,lini-'semen
857 2478 863 2489 .
874 2434 968 2489 emina
985 2436 1024 2490 sic
1043 2437 1100 2490 cod.
1114 2435 1124 2507 Ι)

106 2513 124 2560 t
147 2507 219 2561 haec
244 2506 350 2561 omnia:
373 2508 473 2561 mattas
495 2507 595 2574 specics
617 2506 652 2573 (et
674 2523 734 2560 can
755 2508 845 2575 ipsam
866 2508 939 2562 arride
961 2509 1068 2577 nonen)
1089 2509 1124 2562 ab

104 2580 188 2633 initio
207 2596 241 2632 ne
259 2579 340 2633 lectas
358 2595 411 2633 esse
430 2578 545 2632 ostendit
564 2576 710 2644 Laconici,
728 2579 777 2646 qni
798 2584 859 2642 post
876 2576 978 2648 recipit
995 2578 1066 2633 haec
1083 2580 1123 2633 sic

104 2650 207 2718 incipit
251 2648 320 2703 uisci
337 2648 447 2703 radices
463 2691 469 2702 .
486 2691 491 2702 .
508 2690 514 2702 .
533 2647 770 2718 (83112180).
796 2651 800 2718 1
824 2647 939 2730 ptriduo
959 2649 992 2704 L.
1019 2651 1023 2720 Ι
1049 2666 1124 2718 aqua

105 2721 230 2774 sarm.
246 2720 280 2774 L.
299 2722 337 2790 tlt
357 2719 367 2773 i
388 2736 433 2773 sos
448 2719 482 2774 L.
499 2720 503 2786 Ι
520 2716 581 2772 oleo
600 2716 640 2771 lib
655 2718 689 2773 L.
708 2719 717 2787 ΙΙ
737 2725 752 2772 8
771 2719 846 2789 igms
864 2720 957 2775 lentas
972 2721 1043 2790 (cnm
1062 2723 1124 2790 lac.)

105 2791 140 2844 L.
154 2792 195 2859 119
215 2790 291 2844 solus
307 2739 387 2844 olen?
399 2793 439 2845 sie
453 2790 486 2844 L.
502 2791 511 2859 Ι)
526 2794 559 2842 10
578 2787 609 2841 in
627 2789 731 2844 cacabo
750 2791 854 2844 mundo
871 2791 899 2844 L
916 2793 972 2862 (scd
989 2809 1076 2860 snpra
1093 2791 1125 2845 in

105 2861 233 2930 cacabu).
257 2864 266 2931 ΙΙ
295 2866 326 2914 11
346 2861 469 2932 galbano
490 2859 596 2929 optimo
616 2859 701 2984 apuu
718 2862 758 2915 sic
771 2861 805 2915 L.
831 2863 835 2931 Ι
861 2861 1017 2917 colofoniae
1031 2862 1058 2915 L
1076 2864 1122 2932 (sc.

104 2932 235 3002 resinae).
259 2934 268 3002 ΙΙ
292 2938 326 2985 12
345 2933 449 2987 multas
464 2932 498 2985 L.
521 2933 530 3000 ΙΙ
555 2934 587 2982 13
606 2947 636 2984 se
675 2931 754 2984 &ad
773 2932 799 2987 d.
815 2933 849 2986 L.
871 2933 875 3004 Ι
896 2932 919 2986 dc
938 2933 975 2986 ad
994 2950 1039 3000 qu.
1059 2933 1093 2987 L.
1115 2934 1125 3004 Ι)

106 3009 140 3057 18
169 3002 381 3071 antiquissimas
410 3002 554 3071 squibalas
578 3001 605 3054 L
632 3003 666 3069 cf.
689 3003 790 3057 Theoti.
819 3006 878 3058 ind.
900 3022 928 3072 p.
944 3007 1005 3058 542.
1021 3007 1075 3058 534
1098 3011 1123 3059 et

105 3075 201 3130 Simon
224 3075 289 3129 Jan.
313 3092 334 3129 s.
359 3092 382 3130 o.
418 3075 421 3146 )
455 3067 648 3144 magroania
671 3074 704 3127 L.
737 3076 747 3142 Ι)
779 3079 811 3127 19
846 3074 1024 3128 aestomacho
1053 3074 1086 3130 L.
1114 3074 1125 3147 ))

106 3151 142 3199 20
170 3148 310 3216 sequentia
337 3147 439 3213 scribo,
470 3150 502 3198 nt
530 3145 657 3214 lcpnntwr
683 3146 715 3198 in
737 3145 796 3200 LS.
820 3163 841 3200 c.
862 3151 880 3200 6
898 3171 932 3190 =
951 3145 1021 3199 Ena
1050 3147 1124 3214 (post

107 3217 257 3286 Mappan)
272 3216 373 3271 Sclctst.
392 3217 413 3283 s.
429 3218 482 3270 43¹³.
497 3216 554 3284 1122
571 3215 660 3269 tincto
675 3216 709 3269 L.
724 3217 733 3285 fl
747 3221 781 3268 23
796 3219 856 3288 ae(e
871 3214 1005 3285 Slgyptia
1019 3218 1058 3271 sic
1072 3217 1127 3272 LS

104 3287 249 3357 (aluminis
269 3286 377 3359 egyptii
391 3288 481 3356 Ena).
496 3289 505 3355 Ι)
519 3291 553 3338 24
572 3285 654 3339 lactis
670 3285 695 3340 S.
713 3285 717 3358 Ι
733 3286 765 3340 In
783 3285 857 3340 libra
874 3304 910 3340 m.
930 3289 963 3341 st.
978 3317 1013 3326 —
1028 3286 1088 3341 dies
1102 3307 1124 3341 11

104 3360 171 3414 baec
188 3361 221 3413 in
238 3376 324 3428 narp.
343 3360 432 3428 suppl.
447 3358 487 3425 L,
510 3358 559 3427 qni
580 3360 613 3412 in
635 3363 711 3411 teatn
729 3375 779 3413 on.
799 3359 873 3413 rubr.
892 3364 1043 3426 sequentem
1061 3378 1084 3414 r.
1100 3377 1121 3413 s.

105 3447 214 3499 canqnc
231 3431 318 3556 agatis
341 3431 379 3485 nd
401 3447 469 3500 qnae
484 3430 604 3499 pertinet
622 3431 764 3497 postponit
786 3430 859 3498 (item
876 3430 909 3483 in
925 3431 1012 3499 seqq).
1049 3437 1125 3485 recta

104 3503 223 3557 semovit
263 3543 268 3554 .
