2416 3922
109 143 130 206 2
195 213 201 221 ἡ
522 138 702 213 pvrrnovn

108 292 324 366 transtulisset,
350 291 430 349 idem
457 289 591 349 studium
616 309 715 347 meum
741 289 774 347 in
802 289 865 348 eius
891 289 1034 348 memoria
1057 309 1123 366 per-

107 399 232 439 manens
260 381 292 438 in
319 384 350 439 te
378 380 505 439 contulit
532 380 673 438 favorem.
717 376 822 453 itaque
846 397 913 436 cum
934 378 973 436 M.
997 378 1123 438 Aurelio

109 469 189 528 et-P.
209 469 333 528 Minidio
353 472 384 527 et
403 467 457 527 Gn.
477 467 613 527 Cornelio
633 467 672 525 ad
690 467 915 542 apparationem
933 466 1124 526 ballistarum

110 549 157 639 let
175 558 362 634 scorpionum
379 557 619 632 reliquorumque
635 558 851 615 tormentorum
868 549 1059 614 refectionem
1077 557 1124 614 fui
1134 569 1164 621 (5)

107 649 228 723 praesto
258 648 289 704 et
318 666 385 705 cum
412 647 454 704 eis
483 645 635 704 commoda
664 645 772 720 accepi.
823 663 899 720 quae
928 663 995 703 cum
1024 645 1150 720 primos

108 736 182 793 mihi
204 735 351 810 tribuisti,
373 733 606 810 recognitionem
629 753 682 809 per
705 733 813 792 sororis
836 733 1124 792 commendationem

73 825 244 888 sservasti.
290 843 356 882 cum
384 843 453 900 ergo
483 842 516 882 eo
544 822 684 881 beneficio
714 841 808 881 essem
831 821 995 899 obligatus,
1023 825 1058 881 ut
1085 823 1124 882 ad

110 914 222 972 exitum
253 913 334 973 vitae
352 930 425 973 non
456 911 597 970 haberem
627 911 747 987 inopiae
778 910 929 985 timorem,
951 911 1035 969 vhaec
1066 911 1124 969 tibi

110 1001 237 1061 scribere
256 1001 339 1076 coepi
358 1000 437 1076 quod
457 994 462 1078 )
483 1000 680 1059 animadverti
700 1001 797 1058 multa
819 1003 849 1058 te
873 999 1074 1058 aedificavisse
1093 1003 1175 1072 otoo)

36 1123 38 1128 ,
108 1109 187 1149 nunc
211 1089 375 1167 aedificare,
397 1090 513 1165 reliquo
533 1108 651 1164 quoque
673 1091 806 1164 tempore
830 1091 860 1146 et
882 1087 1070 1164 publicorum
1093 1092 1124 1147 et
1139 1113 1165 1152 ro

108 1181 295 1255 privatorum
319 1178 519 1237 aedificiorum
546 1197 600 1254 pro
629 1176 826 1252 amplitudine
848 1196 948 1235 rerum
970 1180 1125 1253 gestarum

111 1271 146 1327 ut
172 1248 298 1344 posteris
326 1267 485 1327 memoriae
512 1267 671 1325 tradantur
698 1284 800 1325 curam
820 1265 1008 1324 ¹habiturum.
1055 1285 1123 1325 con·

111 1358 215 1433 scripsi
234 1356 480 1432 praescriptiones
499 1356 684 1428 terminatas,
706 1357 742 1412 ut
760 1373 810 1412 eas
830 1355 985 1413 attendens
1004 1357 1123 1413 etanta

110 1447 192 1505 facta
211 1449 241 1504 et
258 1446 363 1504 futura
377 1445 479 1520 qualia
492 1444 553 1502 sint
567 1461 656 1519 opera
670 1462 723 1518 per
739 1434 742 1524 )
758 1446 789 1502 te
802 1461 904 1519 posses
918 1443 1175 1512 notahabere.;(1s)

110 1553 239 1609 namque
256 1533 302 1592 his
321 1533 521 1593 voluminibus
540 1532 645 1608 aperui
663 1550 763 1590 omnes
787 1532 959 1607 disciplinae
982 1532 1123 1592 rationes.
1138 1557 1164 1598 15

78 1634 91 1687 Ι
177 1622 342 1680 Architecti
374 1625 419 1680 est
451 1621 575 1680 scientia
606 1620 741 1696 pluribus
774 1621 953 1696 disciplinis.
970 1623 1008 1679 et·
1030 1621 1123 1680 variis
1148 1683 1151 1689 ,

110 1711 328 1773 eruditionibus
351 1714 471 1786 ornata,
495 1710 579 1769 cuius
603 1709 717 1769 iudicio
736 1710 901 1784 probantur
924 1709 1022 1768 omnia
1046 1729 1123 1785 quae

110 1799 147 1858 ab
176 1799 281 1858 ceteris
309 1799 424 1858 artibus
446 1799 640 1874 perficiuntur
663 1816 760 1874 opera.
807 1817 842 1857 ea
864 1798 998 1856 nascitur
1020 1817 1055 1856 ex
1078 1800 1122 1856 fa·
1157 1784 1165 1796 ¹

108 1888 191 1948 brioa
218 1892 249 1946 et
268 1883 272 1966 Ι
292 1887 528 1947 ratiocinatione.
571 1888 686 1946 fabrica
709 1889 753 1946 est
779 1887 954 1946 continuata
981 1905 1016 1946 ac
1041 1887 1117 1947 trita
1125 1904 1172 1957 (ro)

109 1995 182 2036 usus
209 1976 380 2052 meditatio,
408 1996 468 2052 qua
494 1976 630 2035 manibus
657 1976 809 2052 perficitur
831 1967 998 2034 amatura
1026 1977 1123 2035 cuius·
1137 2003 1164 2044 20

111 2085 237 2141 cumque
270 2066 385 2142 generis
418 2084 491 2141 opus
525 2068 569 2124 est
599 2066 637 2123 ad
673 2065 859 2141 propositum
891 2065 1123 2124 deformationis.

110 2155 300 2213 ratiocinatio
321 2157 420 2212 autem
439 2157 484 2212 est
502 2173 578 2229 quae
596 2172 643 2212 res
662 2154 823 2212 fabricatas
842 2152 984 2228 sollertia,
1006 2153 1122 2212 ratione

75 2244 310 2320 aproportionis
338 2243 539 2302 demonstrare
567 2245 657 2318 atque
685 2243 831 2318 explicare
860 2245 967 2318 potest.
1017 2243 1122 2317 itaque

112 2333 266 2392 architecti
285 2332 336 2407 qui
356 2332 418 2390 sine
438 2332 547 2391 litteris
564 2323 567 2412 )
585 2331 797 2390 contenderant
814 2334 850 2390 ut
868 2331 1005 2389 manibus
1025 2335 1123 2390 essent
1132 2347 1175 2398 (es)

112 2421 272 2496 exercitati,
290 2439 350 2479 non
368 2423 530 2496 potuerumt
549 2420 663 2478 efficere
682 2424 716 2479 ut
733 2421 877 2479 haberent
896 2438 949 2495 pro
969 2419 1121 2480 laboribus
1136 2445 1161 2485 25

111 2510 328 2584 auctoritatem,
351 2509 403 2584 qui
426 2512 525 2567 autem
546 2503 549 2585 )
569 2508 847 2568 ratiocinationibus
867 2512 897 2567 et
918 2508 1027 2567 litteris
1051 2510 1158 2568 solist

182 2701 198 2747 3
216 2694 395 2748 ballistarum
415 2696 453 2750 G:
477 2694 646 2750 balistarum
664 2697 698 2750 H
700 2697 722 2751 S
738 2699 779 2765 (ut
792 2714 824 2765 p.
839 2699 892 2763 6,3
911 2697 950 2750 ed.
966 2714 1011 2766 pr.
1031 2703 1056 2750 et
1072 2699 1122 2752 ubi

111 2764 243 2830 ballistae
258 2767 303 2820 ΗΘ
317 2770 360 2834 12,
369 2770 407 2821 20
421 2773 478 2834 eto,
493 2768 540 2821 scd
553 2768 624 2822 idern
637 2769 669 2822 ia
683 2769 700 2822 l.
713 2769 743 2822 Χ
757 2769 916 2837 plerumque
934 2784 985 2822 scr.
1003 2766 1076 2821 ball·
1090 2775 1123 2822 at
1152 2807 1156 2846 3

111 2871 158 2925 epo
176 2871 286 2924 semper,
303 2873 364 2910 cum
376 2873 427 2911 rec.
442 2855 526 2910 Psc
540 2857 702 2926 praeferant
718 2855 798 2923 bal).
813 2857 822 2924 ΙΙ
836 2862 853 2909 4
871 2845 1046 2926 εοοῑρίοηέω
1060 2856 1099 2911 Η.

112 2931 128 2980 5
147 2942 219 2995 quae
238 2924 309 2999 (cup
328 2927 360 2996 S)
383 2944 446 2980 cum
465 2927 532 2982 HS:
559 2925 681 2999 Qupofiq,
702 2927 734 2983 G.
758 2929 767 2996 Ι)
790 2932 806 2980 6
823 2927 1052 2996 recognotionem
1070 2927 1097 2983 S.

113 3002 128 3051 7
152 2996 290 3066 (servasti)
312 2996 342 3050 in
365 2998 468 3052 animo.
491 2999 555 3052 add.
576 2998 598 3052 S
618 3000 676 3067 (sao
699 3000 806 3067 errore).
831 3000 840 3067 ΙΙ
863 3003 896 3051 10
920 2997 1121 3053 aedificariss&

111 3076 175 3124 autc
197 3085 251 3123 ros.
270 3068 309 3122 H.
333 3070 342 3138 Ι)
366 3075 398 3121 12
421 3068 599 3122 traderentur
624 3066 714 3138 (quusi
741 3071 776 3123 ab
804 3071 957 3140 gestarum)
980 3087 1001 3123 a
1024 3072 1068 3139 (of.
1089 3087 1119 3138 p.

111 3143 176 3209 103,
190 3143 247 3209 22).
275 3141 284 3208 Ι)
313 3145 346 3192 14
369 3141 435 3193 sunt
457 3142 493 3210 (a.
513 3143 546 3210 c.)
572 3141 605 3195 G.
632 3143 642 3210 ΙΙ
670 3145 702 3193 17
727 3139 805 3193 cuius
832 3139 937 3194 iudicio
964 3141 1121 3210 probantur

113 3209 207 3264 omnia
227 3211 282 3265 GS,
300 3212 345 3278 (cf.
362 3229 390 3280 p.
411 3214 546 3281 132,24):
570 3228 620 3266 om.
635 3211 674 3264 H.
702 3213 711 3280 Ι)
740 3215 772 3263 18
797 3227 831 3264 ex
854 3211 916 3266 GS:
939 3211 962 3264 a
985 3213 1034 3281 (et)
1053 3212 1124 3337 HQ

113 3285 147 3334 20
166 3297 238 3349 quae
257 3283 321 3354 (que
340 3282 402 3350 ὅθ)
420 3299 447 3337 x.
471 3284 480 3351 Ι)
503 3280 580 3335 cuius
605 3297 723 3350 cumque
741 3282 776 3335 H
780 3283 817 3336 G:
841 3280 923 3335 unius
947 3281 1081 3353 cuiusque

110 3352 205 3420 (unius
228 3359 291 3406 oute
316 3352 394 3406 cuius
424 3370 542 3421 cumque
565 3354 629 3408 add.
656 3354 709 3476 6⁶3.
737 3355 746 3422 ss
774 3359 808 3405 22
831 3354 947 3421 quaeres
971 3357 1034 3423 (sic,
1059 3372 1120 3414 cum

111 3424 199 3491 apice,
215 3430 248 3477 at
265 3440 328 3478 mox
341 3440 371 3491 p.
387 3428 413 3490 3,
427 3430 455 3479 2.
472 3429 490 3478 6
507 3426 565 3492 oto.)
583 3425 622 3479 H.
638 3423 643 3496 Ι
659 3441 689 3478 so
703 3422 802 3478 lertiae
820 3424 883 3498 (sip
903 3425 964 3494 68)
983 3442 1016 3479 ac
1034 3424 1119 3480 ratio·

111 3492 155 3548 nis
173 3493 353 3563 proportione
371 3512 391 3549 a
409 3496 455 3564 (cf.
471 3513 500 3564 p.
518 3499 562 3564 65,
572 3500 597 3549 6.
617 3498 728 3566 10,18).
