2416 3922
302 171 411 227 efflas
428 171 535 231 suns
552 169 891 230 nscfflssesorrens
1039 169 1104 238 287

89 323 266 397 nuere,
286 322 434 399 quomode
456 321 646 388 orientibus
663 321 712 384 rel
733 321 833 398 puteis
850 320 1006 398 ducantur,
1029 339 1105 397 quae

49 422 84 474 1⁶)
93 411 216 476 rosires
252 415 305 475 aut
329 405 336 488 Ι
358 411 492 475 salubres
526 410 657 474 nuent
686 411 832 486 liquores,
867 410 999 473 sudore
1030 409 1105 470 seire
1136 423 1137 428 ’

94 503 222 577 oportet.
268 519 362 576 aquae
392 519 462 578 ergo
491 500 633 561 fontanae
663 502 715 559 aut
741 501 848 574 sponte
872 499 1024 575 mofluunt
1051 502 1106 561 aut

94 608 186 666 saepe
206 589 243 650 de
264 589 363 666 puteis
386 588 546 651 abundant.
584 586 690 664 quodsi
712 588 787 651 tales
811 588 913 663 copiae
931 608 991 650 non
1009 591 1105 663 eruut,

66 678 190 756 eugris
210 677 290 742 iufra
312 677 431 754 seriptis
451 677 620 754 quaerenda
637 680 708 737 sunt
726 675 781 739 sub
797 678 880 739 terra
895 677 995 753 oepita
1013 695 1105 753 aqua·

92 787 163 832 rum
188 768 219 826 et
244 766 384 844 proxima
407 766 542 831 fontibus
563 765 671 829 altiora
694 764 791 842 puteis
814 765 988 843 oolligenda.
1035 769 1105 828 aute

48 855 167 923 salsolis
187 855 291 932 itaque
309 858 408 919 ortum
428 856 461 914 in
482 856 555 917 loeis
576 851 580 934 Ι
602 854 711 931 quibus.
727 873 805 930 aqua
823 854 978 930 quaeritur
996 874 1104 931 aequa*

92 944 164 1010 litor
185 944 218 1002 in
235 946 319 1005 terra
333 943 547 1021 procumbatur
564 946 594 1004 et
612 945 712 1005 mento
731 942 865 1020 deposito
883 963 937 1020 per
954 961 1020 1005 eam
1036 961 1104 1020 pro·

93 1033 245 1110 spieiatur.
285 1052 355 1097 uror
371 1033 485 1097 ridebis
507 1034 539 1095 in
559 1032 792 1109 quibuseumque
810 1031 885 1092 loeis
903 1051 980 1107 aqua
997 1032 1106 1092 latebit

53 1140 211 1189 remores
242 1122 275 1181 in
306 1141 377 1186 aera
406 1141 496 1199 supra
527 1125 638 1183 terram
669 1120 832 1197 crispantes
865 1123 895 1179 et
923 1120 956 1178 in
982 1119 1105 1181 modum

92 1211 193 1271 tenuis
215 1211 341 1274 nebulae
362 1229 461 1273 rorem
482 1213 668 1290 spargentes,
695 1209 774 1285 quod
796 1208 829 1267 in
852 1208 936 1271 notu
959 1211 990 1268 et
1012 1209 1103 1272 aridis

48 1310 84 1362 tt)
91 1299 168 1361 loeis
184 1299 250 1364 fieri
267 1319 327 1365 non
345 1302 452 1376 potest
484 1299 694 1376 quaerentibus
708 1316 778 1376 ergo
798 1293 802 1376 Ι
824 1316 933 1374 aquarn
946 1297 1105 1376 diligenter

93 1390 152 1454 enit
174 1388 418 1454 moerendum
439 1389 543 1465 quales
564 1391 662 1449 enee
684 1387 753 1449 siut.
790 1389 872 1448 outa
894 1386 974 1447 enim
995 1380 1104 1466 genera

93 1481 165 1544 sunt
191 1479 225 1542 in
251 1477 358 1553 quibas
386 1480 439 1540 aut
466 1476 619 1539 abundans
646 1478 700 1540 eut
726 1475 825 1539 tenuis
852 1494 935 1552 aqua
954 1478 1103 1536 nascatur.

53 1585 79 1628 rs
92 1565 126 1626 in
154 1569 234 1627 oreta
262 1567 361 1628 tenuis
384 1569 414 1628 et
436 1565 521 1626 exilis
544 1584 598 1626 nee
621 1565 727 1642 optimi
749 1564 864 1640 saporis
886 1565 1046 1640 invenitur,
1070 1564 1104 1625 in

93 1655 239 1720 sabulone
258 1656 359 1719 soluto
378 1655 487 1731 bruis,
499 1650 618 1717 'limosa
636 1657 669 1717 et
688 1653 830 1730 insuavis,
852 1655 1007 1718 altioribus
1029 1655 1103 1714 loeis

47 1755 199 1810 winone
242 1743 276 1809 in
297 1747 378 1808 terra
399 1745 486 1823 nigra
514 1745 664 1805 stillarum
690 1761 807 1805 umores
830 1744 919 1805 exiles
940 1736 1045 1828 malgis
1068 1763 1103 1803 ex

92 1833 226 1900 hibernie
245 1833 411 1909 liquoribus
434 1833 552 1894 oolleeti
574 1833 688 1910 saporis
708 1831 814 1909 optimi
831 1832 934 1908 spissis
952 1837 982 1894 et
999 1832 1102 1893 solidis

47 1930 83 1986 tt
92 1921 168 1983 lueis
180 1922 373 1985 subsidentes.
410 1923 528 2001 glareas
541 1940 614 1981 uero
630 1921 792 1986 medioeres
806 1923 837 1981 et
848 1921 976 1982 ucenae
991 1913 995 2004 Ι
1011 1941 1102 1982 renas

52 2031 80 2075 ae
93 2010 207 2074 liabent
237 2011 290 2072 sed
320 2012 440 2090 egregia
471 2011 629 2074 suavitate.
679 2011 711 2068 in
739 2009 881 2070 sabulone
913 2011 1043 2071 masculo
1073 2013 1104 2070 et

92 2099 205 2165 huna
224 2099 405 2164 ammento
422 2100 562 2161 certiores
580 2103 611 2160 et
627 2099 807 2160 salubriores
826 2101 857 2158 et
874 2097 1103 2158 abundantiores

93 2191 165 2253 suut
186 2189 289 2264 copiae
313 2209 465 2266 aquarum.
501 2189 534 2249 in
555 2188 646 2250 rubro
667 2205 741 2248 saxo
758 2189 788 2245 et
806 2186 942 2262 copiosae
960 2189 991 2245 et
1008 2185 1103 2246 bonae

52 2288 83 2340 (⁵)
92 2277 294 2352 invematur,
315 2279 368 2340 sed
388 2277 603 2354 providendum
625 2276 682 2336 erit
699 2295 741 2337 ne
755 2275 834 2334 inter
850 2275 940 2336 rimas
959 2266 1104 2356 saxolrum

94 2366 236 2443 quoniam
253 2385 414 2443 suspensae
432 2370 502 2428 sunt
516 2366 681 2427 decurrant.
718 2363 773 2425 sub
790 2363 940 2423 radicibus
955 2363 1104 2423 montium

53 2456 180 2517 stetin
202 2457 280 2515 saxis
304 2457 435 2516 silioibus
458 2455 608 2515 uberiores
631 2457 661 2513 et
683 2452 862 2513 salubriores
885 2455 916 2511 et
936 2452 1104 2531 frigidiores

94 2564 193 2621 aquae
219 2545 421 2607 inveniuntur.
471 2543 685 2622 campestribus
712 2544 814 2603 auum
845 2540 977 2602 fontibus
1008 2542 1104 2601 salsae

94 2637 125 2694 et
147 2653 256 2713 graves
280 2638 311 2694 et
336 2635 456 2712 tepidae
482 2637 513 2694 et
538 2653 598 2694 non
625 2650 731 2694 suares
759 2632 858 2704 erunt,
885 2630 936 2689 sed
964 2630 990 2690 si
1015 2649 1105 2706 sapor

93 2722 193 2787 bonus
215 2724 375 2799 invenitur,
402 2724 478 2785 seito
506 2741 555 2782 eas
583 2723 619 2783 de
645 2719 796 2785 mentibus
820 2717 873 2778 sub
901 2721 982 2779 tona
1003 2719 1104 2779 venire

48 2812 127 2878 1⁰)iu
146 2806 151 2895 Ι
170 2814 283 2879 medios
301 2831 429 2890 tempos,
447 2813 548 2888 ibique
566 2810 677 2870 umbris
696 2809 837 2870 arborum
855 2811 1008 2868 contectae
1019 2826 1104 2884 prae·

52 2901 218 2966 astabunt
238 2905 448 2964 montanorum
470 2901 598 2961 fontium
620 2898 807 2959 suavitatem.

162 2990 255 3068 Signa
281 2993 382 3053 autem
408 2989 635 3066 uvestigandae
660 3006 758 3062 aquae
780 2987 841 3046 alia
868 2984 1037 3048 huiusmodi
1059 2985 1104 3044 in·

93 3080 259 3155 veniuntur,
272 3081 370 3141 tenuis
383 3079 496 3155 iuuous,
511 3078 586 3138 salix
600 3075 735 3151 erratiea,
749 3075 845 3151 alnus,
858 3078 947 3149 vitex,
960 3074 1104 3148 harundo,

93 3168 217 3247 hedera„
244 3169 308 3231 alia
328 3187 445 3245 quoque
468 3186 545 3244 quae
568 3167 631 3227 sine
657 3183 761 3225 umore
784 3164 867 3229 nasei
889 3183 949 3224 non
971 3165 1104 3239 possunt.

46 3249 260 3340 [lbi-quoniam
287 3260 388 3319 autem
414 3259 449 3317 in
472 3255 586 3317 lacunis
614 3253 724 3317 similia
746 3256 916 3328 naseuntur,
942 3253 1030 3312 facile
1057 3251 1104 3311 bis

54 3365 81 3409 ss
94 3347 273 3410 emdendurn
289 3367 352 3408 non
369 3350 421 3406 est
457 3346 560 3422 itaq-ue
577 3344 621 3404 sie
637 3345 823 3404 inventiones
843 3361 937 3418 aquae
954 3340 1104 3419 probabis.

93 3436 229 3502 fodiatur
251 3454 321 3513 ergo
343 3435 396 3497 ubi
416 3435 490 3495 haee
512 3434 598 3512 signa
619 3434 731 3494 fuerint
748 3433 881 3506 invente,
901 3451 939 3492 na
956 3430 1054 3491 minus
1072 3428 1104 3488 in

94 3525 285 3590 latitudinem
302 3523 395 3601 pedes
410 3543 455 3601 sn,
472 3524 504 3583 in
523 3522 717 3583 altitudinem
730 3521 819 3598 pedes
837 3539 867 3594 v,
889 3523 920 3580 et
937 3520 1015 3580 eirea
1032 3519 1104 3580 solis
