2416 3922
117 156 182 220 224
537 155 701 210 VlTRUVII

64 319 102 374 ΠΙ
116 311 146 368 et
168 306 276 366 minuit
299 306 413 365 dierum
436 309 466 364 et
488 305 628 366 horarum
651 307 750 382 spatia
768 305 873 364 dicam.
909 325 1038 383 namque
1056 325 1116 366 cum

116 395 217 456 arietis
245 395 361 472 siguum
388 395 457 454 iniit
484 398 515 454 et
537 398 654 471 partem
677 397 814 454 octavam
836 399 1032 473 pervagatur,
1056 415 1117 472 per·

115 484 177 543 ficit
204 484 425 559 aequinoctium
451 500 583 543 vernum.
617 480 695 542 ‘cum
721 483 911 560 progreditur
939 484 977 542 ad
999 485 1118 543 caudam

115 572 195 633 tauri
215 569 219 648 Ι
240 572 380 648 sidusque
402 572 597 650 vergiliarum
618 593 634 631 e
658 572 764 648 quibus
784 572 894 631 eminet
912 573 1038 632 dimidia
1055 582 1155 650 pareda

114 662 195 738 prior
217 662 307 736 tauri,
328 661 360 719 in
382 662 479 720 maius
501 661 633 737 spatium
650 661 754 720 mundi
773 680 864 737 quam
882 661 1040 721 dimidium
1056 679 1139 738 pro-s

115 751 207 809 currit
228 749 388 825 procedens
411 750 449 808 ad
472 751 733 826 septentrionalem
754 754 880 825 partem.
917 770 934 809 e
952 753 1040 811 tauro
1058 768 1119 810 cum

114 838 280 916 ingreditur
306 838 338 897 in
365 839 497 916 geminos
524 839 721 898 exorientibus
743 839 876 916 vergiliis
898 838 997 918 magis
1020 840 1119 900 creent

115 946 204 1003 supra
224 922 228 1006 Ι
249 929 360 987 terram
383 931 413 988 et
435 930 526 1005 auget
548 928 647 1003 spatia
669 928 790 987 dierum.
828 928 934 987 deiude
958 948 974 988 e
997 929 1117 1006 geminis
1125 933 1155 989 11

114 1036 182 1076 cum
208 1017 277 1075 iniit
303 1017 342 1075 ad
364 1036 516 1091 canorum,
544 1036 602 1093 quo
625 1017 832 1093 longissimum
853 1020 937 1077 tenet
960 1019 1037 1076 caeli
1059 1035 1119 1094 spa·

114 1106 199 1179 tium,
222 1124 291 1164 cum
312 1107 449 1182 pervenit
469 1106 502 1165 in
523 1109 640 1182 partem
663 1109 808 1180 octavam,
830 1105 948 1182 perficit
965 1107 1119 1167 solstitiale
1129 1124 1151 1163 ro

114 1196 245 1270 tempus,
274 1199 305 1255 et
331 1215 476 1274 peregens
502 1195 638 1272 pervenit
665 1195 704 1253 ad
726 1197 817 1270 caput
840 1197 870 1253 et
891 1197 998 1270 pectus
1021 1196 1119 1267 leonis,

81 1301 96 1347 2
116 1284 195 1359 quod
215 1302 267 1343 eae
285 1288 385 1360 partes
406 1279 411 1364 1
431 1303 536 1344 cancro
555 1287 624 1343 sunt
642 1282 812 1342 attributae.
851 1303 867 1341 e
884 1287 1005 1358 pectore
1024 1288 1148 1343 autent)

115 1372 209 1432 leonis
232 1376 262 1432 et
279 1373 386 1433 finibus
405 1374 504 1433 cancri
521 1374 566 1434 sol
585 1372 665 1432 exitu
682 1391 855 1448 percurrens
873 1372 1006 1449 reliquas
1024 1375 1119 1450 partes

114 1462 209 1522 leonis
231 1462 372 1522 inminuit
390 1462 450 1521 diei
466 1461 701 1540 magnitudinem
719 1463 750 1520 et
767 1460 970 1520 circinationis
987 1461 1119 1537 reditque

115 1551 146 1609 in
170 1551 354 1629 geminorum
372 1552 527 1627 aequalem
545 1568 669 1610 cursum.
704 1554 778 1608 tunc
794 1569 865 1609 vero
887 1567 905 1608 a
923 1551 1010 1609 leone
1029 1553 1118 1610 trans
1129 1567 1149 1606 u

116 1641 178 1700 iens
212 1640 244 1698 in
277 1641 424 1716 virginem
457 1638 708 1716 progrediensque
743 1638 780 1697 ad
810 1638 910 1697 sinum
939 1639 1033 1698 vestis
1063 1639 1119 1698 eius

117 1728 267 1789 contrahit
295 1728 517 1786 circinationem
538 1721 541 1804 l
563 1730 592 1786 et
619 1729 729 1803 aequat
752 1726 790 1784 ad
813 1745 879 1785 eam
903 1746 995 1803 quam
1018 1731 1116 1787 tamus
1124 1735 1155 1786 (1⁰)

116 1817 206 1876 habet
233 1834 333 1874 cursus
356 1815 510 1874 rationem.
556 1835 572 1874 e
594 1816 709 1893 virgine
732 1817 832 1873 autem
854 1816 1050 1894 progrediens
1069 1835 1117 1892 per

116 1905 226 1977 sinum,
257 1905 308 1979 qui
338 1904 418 1963 sinus
447 1904 541 1962 librae
570 1908 670 1981 partes
700 1904 790 1963 habet
816 1905 942 1980 primas,
972 1905 1005 1962 in
1032 1905 1117 1963 librae

116 1995 201 2069 parte
228 2011 284 2051 vm
314 1992 430 2067 perficit
459 1993 679 2068 aequinoctium
706 1993 886 2052 autumnale.
943 1993 997 2069 qui
1025 2011 1146 2053 cursusro

116 2083 226 2156 aequat
256 2099 322 2139 eam
354 2081 576 2140 circinationem
606 2100 681 2158 quae
709 2082 809 2140 fuerat
837 2081 870 2139 in
900 2082 1004 2142 arietis
1032 2083 1116 2160 signo.

82 2186 98 2232 a
117 2169 300 2244 scorpionem
327 2173 427 2229 autem
453 2189 521 2229 cum
549 2171 593 2230 sol
614 2171 765 2247 ingressus
787 2171 879 2228 fucrit
899 2165 903 2248 Ι
924 2171 1116 2230 occidentibus
1123 2177 1153 2230 (1⁵)

117 2257 263 2336 vergiliis,
289 2259 399 2317 minuit
426 2258 616 2336 progrediens
644 2259 682 2318 ad
704 2259 882 2318 meridianas
905 2263 1007 2335 partes
1030 2257 1116 2336 longi·

116 2347 233 2406 tudines
265 2347 388 2406 dierum.
443 2367 459 2407 e
490 2348 643 2423 scorpione
674 2367 743 2407 cum
773 2348 973 2423 percurrendo
1005 2348 1063 2407 init
1089 2347 1115 2404 iu

116 2436 304 2513 sagittarium
331 2436 369 2494 ad
396 2435 506 2495 femina
534 2437 610 2511 eius,
640 2437 866 2495 contractiorem
893 2436 1034 2496 diurnum
1059 2431 1143 2513 pora

115 2525 198 2585 volat
225 2543 350 2584 cursum.
396 2544 464 2584 cum
491 2527 593 2584 autem
614 2524 720 2600 incipit
743 2543 761 2583 a
783 2523 943 2584 feminibus
967 2524 1113 2604 sagittarii,

117 2632 192 2688 quae
219 2631 288 2688 pars
316 2617 361 2673 est
388 2613 534 2674 attributa
561 2613 745 2688 capricorno,
773 2614 811 2672 ad
837 2617 955 2690 partem
979 2618 1114 2685 octavam,

115 2692 330 2782 brelvissimum
356 2702 431 2761 caeli
457 2702 603 2778 percurrit
630 2701 770 2777 spatium.
815 2721 851 2762 ex
878 2722 913 2762 eo
937 2722 956 2762 a
978 2703 1149 2763 brevitatem)

187 2947 204 2994 2
221 2939 288 2995 iniit
301 2940 368 2995 HS:
387 2939 441 2994 init
454 2941 523 2996 EG.
548 2943 557 3011 ΙΙ
579 2947 595 2994 8
615 2958 651 2995 au
672 2944 701 2996 et
716 2942 790 2998 Ea:
809 2941 890 3012 augit
904 2943 968 2999 HS.
993 2943 998 3014 Ι
1023 2939 1113 2996 deiude

116 3011 235 3082 geminis
253 3029 280 3067 a.
302 3014 311 3082 ΙΙ
332 3018 347 3064 9
366 3010 432 3065 iniit
445 3011 480 3065 H
482 3012 545 3067 SG:
564 3012 619 3067 init
663 3057 668 3068 .
686 3013 690 3082 l
707 3029 728 3067 c.
748 3013 798 3080 qui
815 3013 1013 3068 brevissimum
1030 3015 1050 3067 t.
1067 3008 1115 3136 oe'd'

117 3089 149 3136 11
168 3084 229 3153 per(
248 3083 346 3152 )agens
364 3083 568 3152 per(pbeniene
586 3101 614 3138 c.
637 3086 646 3154 d
671 3091 703 3137 12
722 3083 790 3153 quia
803 3083 830 3140 S.
853 3089 859 3152 Ι
882 3101 932 3139 eae
952 3087 994 3156 (ep
1009 3085 1042 3154 S)
1055 3082 1086 3138 H
1106 3102 1113 3134 τ

115 3155 159 3208 hee
172 3155 210 3221 E,
228 3101 264 3226 be
281 3154 314 3210 G.
338 3154 342 3222 Ι
366 3170 465 3235 cancro
479 3154 511 3236 S.
531 3171 646 3236 cancero
661 3156 728 3209 HE
733 3155 766 3210 θ.
789 3157 798 3225 ΙΙ
822 3161 855 3209 13
874 3155 942 3209 solis
960 3156 1050 3236 exitus
1066 3170 1090 3208 a.

117 3231 151 3279 14
164 3227 237 3295 (item
252 3230 292 3279 17.
309 3227 353 3294 11)
368 3226 557 3280 onomatroms
572 3226 603 3282 S:
622 3224 775 3280 circrtronis
790 3226 824 3280 H
826 3227 867 3280 E⁰
872 3227 908 3295 G,
921 3227 1050 3281 circioms
1062 3224 1094 3280 Ε.
1110 3264 1113 3293 ,

117 3302 149 3350 16
164 3296 256 3350 sinum
270 3296 310 3351 E:
330 3295 412 3366 signu
426 3295 522 3352 HSG.
536 3299 545 3367 d
560 3303 592 3350 17
608 3296 749 3352 contrahit
762 3298 830 3353 HS:
845 3298 965 3371 contrad
982 3297 1048 3368 apd
1061 3293 1113 3350 EG

116 3366 162 3436 (-it
176 3367 275 3437 E060).
297 3370 307 3438 ΙΙ
328 3373 361 3421 18
380 3383 475 3420 cursus
490 3368 564 3424 EG:
583 3373 629 3422 -sr'r
644 3368 706 3423 HS.
727 3371 737 3437 d
758 3374 793 3421 20
812 3387 879 3424 vm.
894 3369 1004 3425 Hac:
1023 3369 1112 3422 octava

115 3438 142 3492 S.
159 3441 163 3508 l
180 3437 314 3492 autimale
328 3438 510 3520 Sqautevtale
526 3441 584 3509 G⁰):
604 3441 669 3494 aute
687 3439 747 3493 tale
762 3441 792 3493 H
796 3439 863 3495 EG.
879 3445 936 3510 1123
956 3440 993 3494 ad
1010 3457 1058 3496 om.
1070 3455 1093 3493 x.
1102 3434 1112 3505 11

116 3513 151 3561 24
168 3508 223 3562 init
237 3509 346 3567 Hae:
364 3508 431 3565 ruiit
444 3512 471 3568 S.
