2416 3922
515 165 676 222 VITRUVII

133 212 183 257 'un'

124 380 151 417 4
178 362 266 411 atta-:u
283 328 419 395 lenidum
440 317 548 379 emittit
569 317 600 373 in
625 314 776 391 superiora
797 314 864 374 loca
886 332 1042 389 vaporem,
1067 316 1093 372 et

124 412 160 503 ,n
180 458 203 497 g
224 430 271 507 ,35
292 426 321 481 in
342 419 366 475 is
386 410 455 470 locis
474 424 547 482 quae
566 407 635 462 sunt
654 423 752 479 supra,
773 405 870 504 fontes
889 403 986 462 dulcis
1005 421 1092 478 aquae

119 536 277 591 Num,
305 500 403 567 offensi
429 516 462 555 eo
488 511 597 569 vapore
625 493 818 553 effervescunt
844 495 924 550 mter
950 511 1041 551 venas
1067 494 1092 550 et

88 648 98 669 .-
131 638 155 675 ῃ
187 604 325 669 sardum
358 585 523 658 incorrupto
555 600 667 657 sapore.
723 584 792 639 sunt
824 581 916 639 etiam
949 581 1039 640 odore
1067 582 1092 639 et

114 716 211 765 §.mre
235 707 288 749 uum
310 684 383 740 bono
403 671 504 748 fn'gidi
526 665 657 747 fontes}
678 670 729 746 qui
753 670 790 728 ab
811 669 1003 729 inferioribus
1025 669 1127 729 locissu

112 758 222 851 §ierus
250 772 305 833 orti
333 783 385 841 per
412 762 478 819 loca
508 759 643 817 ardentia
672 761 828 818 transeunt
857 760 888 816 et
918 757 957 816 ab
986 777 1020 818 eo
1046 777 1092 833 per

112 836 222 941 {gp-,sm
243 857 365 937 spatium
385 852 481 908 terrac
503 851 707 923 percurrentes
731 846 900 925 refrigerati
920 847 1091 922 perveniunt

109 930 190 1041 ᾧ
220 965 322 1013 pamm
352 956 455 1013 sapore
487 937 576 995 odore
608 937 764 1012 coloreque
796 938 949 1011 corrupto,
988 935 1033 994 uti
1063 935 1090 992 in

110 1018 251 1115 ustura
276 1032 323 1093 via
348 1029 456 1084 flumen
479 1025 590 1082 Arbua
617 1028 648 1083 ee
673 1025 706 1082 in
728 1025 892 1083 Ardeatino
919 1025 1020 1084 fonsa
1044 1023 1089 1080 ffi-

107 1140 164 1209 335
179 1128 274 1193 «dum
291 1118 377 1177 odore
397 1115 448 1190 qui
466 1114 633 1189 sulphurati
652 1113 790 1173 dicuntur
808 1116 838 1171 et
854 1113 980 1188 reliquis
1000 1104 1005 1194 1
1024 1112 1127 1172 loeisuu

105 1212 247 1291 §milibus
272 1208 303 1266 hi
321 1206 420 1262 autem
439 1221 505 1261 oum
524 1205 593 1261 sunt
610 1202 722 1279 frigidi,
740 1202 807 1261 ideo
822 1202 964 1261 videntur
978 1204 1089 1277 aspectu

104 1322 206 1379 mss
227 1295 303 1375 quod
325 1312 390 1351 cum
413 1292 445 1349 in
469 1291 621 1350 ardentem
642 1292 741 1349 locum
764 1292 824 1349 alte
846 1291 967 1366 penitus
989 1289 1088 1348 incide·

103 1412 180 1467 mm,
199 1403 296 1449 umore
319 1384 349 1440 et
371 1381 434 1457 igni
457 1381 536 1438 inter
558 1399 589 1438 se
612 1380 852 1456 congruentibus,
876 1381 990 1438 offensa
1011 1379 1088 1438 veho

102 1482 186 1553 wei
219 1476 335 1549 fragore
367 1469 481 1528 validos
515 1469 663 1544 recipiunt
694 1469 725 1526 in
756 1486 788 1526 se
819 1468 956 1544 spiritus,
994 1471 1024 1526 et
1052 1467 1089 1525 ita

101 1584 129 1641 1,,
137 1567 197 1633 nati
221 1562 252 1622 vi
278 1558 360 1619 venti
387 1558 483 1616 coacti
508 1557 666 1615 bullientes
695 1557 794 1616 crebre
816 1575 870 1632 per
892 1557 993 1616 fontes
1016 1556 1127 1633 egfert

98 1662 219 1727 ffiuntur.
264 1668 299 1707 ex
321 1648 367 1705 his
391 1650 490 1705 autem
514 1646 566 1721 qui
588 1664 648 1703 non
672 1648 742 1704 sunt
765 1644 861 1721 aperti
883 1645 936 1704 sed
960 1646 997 1704 ab
1020 1643 1115 1703 serien

98 1741 288 1817 ,eminentem
316 1755 369 1810 per
396 1738 537 1812 angustas
566 1754 656 1793 venas
683 1734 869 1794 vehementia
896 1733 1022 1810 spiritus
1048 1752 1088 1790 ex·

65 1831 250 1907 moluntur
285 1825 323 1882 ad
359 1842 487 1882 summos
525 1843 695 1900 grumorum
725 1823 863 1882 tumulos.
909 1823 1014 1898 itaque
1044 1821 1087 1897 qui

95 1920 196 2007 putant
223 1933 258 1972 ea
284 1932 315 1971 se
343 1904 510 1994 altituldine
538 1932 596 1987 qua
624 1915 695 1971 sunt
721 1912 818 1988 grumi
845 1912 946 1987 capita
969 1910 1114 1971 fontiumtl

93 2018 169 2075 fossa
196 2002 315 2077 habere,
348 2020 415 2060 cum
447 2003 583 2076 aperiunt
614 2003 745 2060 fossuras
776 2000 869 2059 latius
897 1999 1115 2076 decipientem

92 2112 213 2169 namque
244 2091 290 2148 uti
322 2109 446 2148 aeneum
477 2108 530 2149 vas
561 2109 621 2148 non
647 2090 679 2147 in
706 2089 828 2148 summis
854 2089 949 2148 labris
976 2090 1088 2165 plenum

92 2186 139 2251 ssd
157 2199 251 2256 aquae
275 2197 429 2237 mensurae
452 2197 523 2237 suae
546 2179 721 2253 capacitatis
743 2177 854 2237 habens
872 2197 888 2235 e
907 2178 1005 2237 tribus
1022 2178 1087 2235 duas

90 2275 186 2355 partes
214 2268 441 2344 operculumque
468 2269 500 2325 in
528 2286 562 2326 eo
589 2268 787 2342 conlocutum,
814 2285 881 2325 oum
909 2267 989 2345 ignis
1010 2265 1087 2326 vehe-

89 2359 180 2425 menti
201 2358 316 2417 fervore
335 2359 479 2433 tangatur
496 2348 684 2437 percaleffieri
703 2356 783 2433 cogit
801 2375 919 2434 aquam,
943 2376 979 2415 ea
998 2358 1121 2413 autemut

88 2449 208 2529 propter
233 2446 400 2504 naturalem
422 2445 577 2504 raritatem
599 2445 631 2502 in
654 2463 684 2503 se
706 2444 850 2520 recipiens
872 2444 1000 2504 fervoris
1022 2441 1114 2503 voli-e

89 2540 156 2598 dam
183 2534 365 2592 inflationem
392 2552 451 2591 non
478 2534 565 2591 modo
592 2533 697 2608 implet
718 2551 772 2592 vas
795 2533 846 2591 sed
869 2533 1025 2608 spiritibus
1046 2550 1085 2590 ex·

88 2625 194 2686 tollens
231 2623 402 2697 operculum
438 2625 468 2681 et
501 2640 632 2681 crescens
664 2621 807 2698 abundat,
844 2621 964 2680 sublato
997 2623 1086 2681 auten

88 2711 224 2788 operculo
255 2711 368 2770 emissis
397 2711 600 2769 inflationibus
629 2712 660 2768 in
691 2730 756 2769 aere
785 2710 903 2786 patenti
932 2729 1033 2769 rursus
1055 2707 1085 2766 od

88 2820 173 2861 suurn
190 2799 288 2857 locum
305 2800 417 2874 residit,
437 2801 473 2858 ad
493 2799 617 2858 eundem
634 2800 755 2857 modum
773 2818 807 2857 ea
821 2799 922 2875 capita
942 2795 947 2879 1
967 2800 1085 2858 fontium
1092 2802 1120 2853 (1⁵)

88 2908 154 2949 cum
181 2890 250 2945 sunt
278 2888 421 2964 angustiis
449 2905 628 2964 compressa,
655 2890 746 2946 ruunt
772 2889 804 2946 in
832 2906 947 2948 summo
973 2887 1112 2964 spirituas

88 2995 181 3052 aquae
203 2975 340 3052 bullitue,
364 2977 451 3034 simul
475 2980 574 3036 autem
596 2979 667 3035 sunt
689 2976 779 3035 latius
803 2976 909 3053 aperti,
934 2972 1085 3037 exanimati

85 3097 298 3107 -.-—-

159 3162 269 3218 ahisar.
286 3158 1086 3233 lquae:quioe.}l8supraHS:superEG.1111HiiHss

88 3240 121 3288 13
140 3234 246 3288 offenso
260 3234 369 3288 HEG:
388 3235 424 3288 -ei
438 3234 464 3289 S.
479 3236 489 3303 11
504 3240 537 3288 14
556 3236 597 3289 et:
616 3236 648 3287 ut
666 3253 693 3289 a.
712 3236 721 3304 1
741 3240 774 3288 15
793 3234 909 3288 crebrae
928 3235 981 3303 (H,
998 3232 1083 3303 crebro

86 3306 185 3374 an)
203 3322 229 3360 a.
253 3308 263 3375 11
286 3310 319 3357 16
339 3305 389 3360 ab:
407 3307 457 3358 aut
474 3322 502 3359 oa.
525 3307 534 3376 11
558 3310 590 3358 18
610 3304 659 3374 qui
676 3307 779 3374 putant
796 3321 831 3359 eo
849 3305 1032 3374 (chmiolecn)
1048 3318 1083 3356 se:

86 3378 207 3444 quutant
225 3392 255 3430 se
268 3375 330 3430 HG
346 3376 405 3446 (qui
422 3379 505 3430 tanta
523 3392 552 3430 se
567 3377 589 3431 S
593 3376 639 3444 θῇ
657 3375 706 3445 qui
723 3378 826 3445 putant
843 3391 873 3431 se
887 3376 934 3446 L).
947 3379 958 3446 1
971 3375 1083 3430 aofoac

86 3447 136 3515 (H,
155 3464 197 3518 -se
213 3446 278 3516 GS)
291 3465 318 3500 x.
333 3449 389 3516 1122
405 3463 419 3500 e
434 3464 484 3502 om.
498 3464 526 3502 x.
540 3449 596 3516 1113
616 3449 798 3516 opertumque
811 3464 839 3501 x.
853 3448 863 3516 11
877 3452 912 3500 29
928 3446 1033 3502 resedit
1043 3442 1083 3515 all

86 3523 120 3571 30
140 3527 268 3586 copressa
285 3520 370 3572 ruunt
385 3519 423 3574 G:
443 3520 675 3586 conpraesserunt
688 3518 728 3584 H,
746 3519 981 3587 obpresserunt&
