2430 3922
126 174 189 239 126
547 173 709 228 VITRUVH

123 324 287 400 ephebeum
309 324 340 381 in
367 324 478 398 medio,
508 324 565 383 hoo
595 324 695 381 autem
723 326 768 382 est
795 322 923 381 exhedra
951 322 1138 398 amplissima

123 432 190 472 oum
216 412 347 487 sedibus,
375 431 452 487 quae
478 414 569 471 tertia
595 414 680 487 parte
706 411 824 489 longior
847 406 851 489 Ι
876 411 917 470 sit
943 430 1036 487 quam
1063 412 1137 471 lata.
1146 422 1187 474 (15)

122 501 177 560 sub
200 501 303 560 dextra
325 520 488 576 ooryoeum,
511 501 616 559 deinde
638 500 771 575 proxime
790 500 991 575 cometarium,
1014 519 1034 560 a
1057 500 1137 560 coni-

123 589 213 650 sterio
226 589 259 647 in
277 608 398 648 versura
416 590 547 665 porticus
565 588 676 666 frigida
692 589 815 664 lavatio,
834 607 926 665 quam
940 587 1049 648 Graeci
1063 587 1137 649 λου-

123 695 201 752 τρον
215 678 356 738 voeitant.
393 678 432 736 ad
450 678 602 737 sinistram
620 677 743 753 ephebei
759 677 982 752 elaeothesium,
999 677 1162 754 proximas

123 770 223 825 autem
242 767 453 826 elaeothesium
468 761 701 845 <tepidarium>‚
722 766 760 825 ab
780 785 874 842 eoque
888 767 947 825 iter
963 765 997 824 in
1012 767 1136 843 propni-

122 875 210 932 geum
237 856 269 914 in
295 874 417 914 versura
444 856 585 932 porticus.
634 854 769 930 proxima
796 856 898 913 autem
923 855 1075 914 introrsus
1095 850 1100 934 Ι
1119 866 1187 916 em)

121 945 241 1021 regione
254 944 403 1022 frigidarii
415 945 585 1003 conlocetur
596 946 804 1003 concamarata
815 943 933 1003 sudatio
945 943 1136 1021 longitudine

122 1033 232 1108 duplex
251 1052 341 1108 quam
358 1033 497 1108 latitudo,
517 1052 591 1109 quae
605 1032 715 1091 habeat
727 1033 760 1091 in
772 1032 903 1092 versuris
917 1052 953 1091 ex
967 1051 1031 1092 una
1047 1035 1136 1109 parte

121 1122 287 1180 laconicum
309 1123 348 1180 ad
376 1123 500 1181 eundem
524 1122 645 1180 modum
672 1139 764 1197 quam
790 1139 880 1197 supra
907 1121 1054 1197 scriptum
1081 1125 1136 1198 eat,
1149 1140 1176 1183 ro

122 1211 331 1286 compositum,
360 1230 395 1269 ex
418 1211 541 1270 adverso
563 1209 690 1269 laconici
714 1210 843 1269 calidam
863 1209 1059 1270 lavationem
1103 1212 1136 1269 in

121 1300 272 1374 palaestra
294 1299 448 1374 peristyla,
472 1299 722 1375 quemadmodum
739 1317 831 1374 supra
849 1299 993 1374 scripturn
1011 1301 1068 1373 est,
1090 1299 1136 1358 ita

87 1405 102 1452 3
124 1380 127 1469 Ι
149 1388 257 1446 debent
284 1406 346 1446 esse
374 1387 541 1446 distributa.
587 1390 671 1446 extra
697 1390 799 1446 autem
823 1387 1021 1464 disponantur
1041 1385 1047 1467 Ι
1067 1407 1135 1464 por·
1144 1362 1199 1468 (ΙΙΙ

121 1475 199 1535 ticus
222 1479 296 1549 tres,
323 1494 383 1534 una
407 1496 442 1534 ex
468 1476 612 1552 peristylo
639 1476 825 1551 exeuntibus,
853 1476 929 1535 duae
956 1477 1064 1536 dextra
1090 1479 1136 1536 at·

122 1584 180 1640 que
202 1565 322 1623 sinistra
345 1564 502 1639 stadiatae,
525 1585 560 1622 ex
582 1565 690 1641 quibus
712 1583 774 1623 una
797 1583 873 1641 quae
892 1565 1075 1640 spectaverit
1096 1565 1174 1626 adu

122 1653 365 1728 septentrionem,
401 1653 572 1728 perficiatur
602 1655 712 1730 duplex
748 1653 931 1729 amplissima
962 1653 1137 1729 latitudine,

123 1741 217 1799 altera
252 1741 377 1815 simplex
407 1742 452 1799 ita
482 1743 564 1801 faeta
594 1742 640 1802 uti
675 1743 708 1801 in
741 1742 877 1817 partibus
909 1761 987 1818 quae
1018 1743 1136 1802 fuerint

121 1829 199 1887 circa
220 1824 223 1907 Ι
243 1829 372 1904 parietes
396 1832 426 1888 et
448 1849 524 1905 quae
547 1834 636 1890 erunt
658 1831 696 1889 ad
719 1831 881 1906 columnas,
906 1832 1058 1908 margines
1081 1833 1172 1896 ha-‹a›

121 1917 191 1976 beat
221 1918 269 1976 uti
299 1918 420 1977 semitas
451 1939 512 1978 non
541 1920 640 1980 minus
669 1919 779 1995 pedum
805 1920 915 1978 denum
941 1920 1135 1997 mediumque

121 2009 296 2065 excavatum
318 2006 365 2064 uti
386 2008 496 2084 gradus
520 2009 634 2067 sintin
656 2009 798 2068 descensu
824 2027 843 2067 a
864 2009 1051 2086 marginibus
1075 2028 1174 2071 ses-ro

121 2095 280 2171 quipedem
311 2095 349 2154 ad
380 2097 552 2172 planitiem,
590 2116 667 2173 quae
698 2097 838 2172 planities
870 2098 910 2156 sit
940 2116 1002 2157 non
1032 2098 1135 2158 minus

119 2184 209 2259 pedes
232 2203 284 2243 xn.
329 2185 373 2243 ita
402 2185 453 2260 qui
480 2186 582 2244 vestiti
609 2185 829 2245 ambulaverint
855 2187 966 2245 oiroum
992 2188 1025 2244 in
1052 2207 1135 2246 mar-

84 2291 102 2338 4
120 2273 246 2349 ginibus,
269 2293 328 2332 non
350 2274 539 2350 inpedientur
559 2268 563 2352 Ι
584 2275 621 2333 eb
644 2275 741 2333 unctis
759 2294 790 2334 se
810 2275 1020 2335 exercentibus.
1058 2276 1135 2336 haec
1143 2287 1184 2339 (1⁰)

120 2364 220 2420 autem
242 2363 372 2438 porticus
395 2364 504 2424 ξυετοε
528 2363 608 2438 apud
631 2361 759 2422 Graecos
781 2364 940 2438 vocitatam,
962 2363 1043 2440 quod
1067 2366 1134 2424 ath-

192 2636 329 2690 lexedra
347 2638 370 2692 S
385 2640 451 2708 (uon
469 2638 551 2705 HG).
582 2640 592 2707 Ι
623 2644 730 2706 2ᾳιιειθ
752 2656 800 2693 om.
820 2656 847 2694 a.
880 2642 890 2710 Ι
921 2639 1057 2694 3dextr0
1076 2643 1131 2713 eal

120 2720 266 2772 coryceum
284 2709 325 2776 Ι-ιῑ
339 2708 373 2776 S)
388 2709 423 2763 H
424 2709 451 2776 S,
471 2709 622 2764 corriceum
643 2709 676 2764 G.
692 2711 696 2779 Ι
713 2709 894 2764 conisterium
908 2709 984 2765 HG:
1004 2710 1133 2767 oonistrh

119 2778 192 2844 (item
209 2795 233 2831 o.
249 2782 285 2831 16
304 2779 435 2848 eonietro)
450 2779 475 2833 S.
491 2781 500 2850 ΙΙ
514 2787 531 2833 4
548 2780 643 2848 lytron
656 2780 721 2849 HS,
738 2781 825 2834 litron
841 2781 874 2837 G.
889 2784 898 2851 Ι
912 2786 928 2834 5
943 2780 1132 2838 eleothesium

119 2851 222 2917 (scum
235 2855 298 2903 autc
311 2867 378 2905 corr.
395 2850 428 2919 S)
442 2850 478 2904 H
479 2851 517 2918 bl,
535 2852 614 2906 elaeo
628 2851 750 2905 thesium
766 2852 799 2907 G.
814 2853 823 2921 Ι
838 2857 854 2906 6
868 2851 1078 2907 elaeothesium
1091 2855 1134 2922 H,

119 2917 276 2973 eleothesiir
294 2919 328 2987 S,
353 2920 567 2994 alaleothesium
587 2923 621 2978 G.
655 2925 659 2993 Ι
693 2922 866 2993 tepidarium
883 2924 996 2979 Marini
1013 2924 1076 2993 (W.
1095 2927 1131 2980 Δ.

118 3009 244 3078 Balara
267 3008 446 3079 frigidarium
468 3029 495 3065 a.
525 3012 530 3082 Ι
558 3010 743 3081 propnigeum
762 3011 831 3079 HS,
853 3029 953 3083 propm
967 3003 1049 3080 “eum
1070 3014 1106 3070 θ.

119 3080 281 3148 'lproxima
300 3081 363 3137 GS:
391 3089 450 3135 -ma
468 3082 507 3138 H.
539 3087 548 3152 Ι
579 3087 595 3135 8
619 3086 814 3136 concamerata
831 3100 859 3138 e.
891 3086 901 3152 Ι
932 3083 1056 3138 abab&
1074 3084 1104 3140 S.

120 3155 152 3204 10
171 3167 268 3218 quam:
287 3151 330 3205 uti
348 3169 433 3220 quam
451 3154 490 3222 (a
504 3153 539 3223 S)
551 3172 571 3207 se
590 3155 635 3223 (of.
645 3171 676 3222 p.
690 3156 753 3222 145,
761 3157 816 3222 29).
831 3156 840 3224 Ι
856 3161 886 3206 11
903 3153 1016 3209 caldam
1028 3155 1134 3225 (calda

118 3221 159 3290 8⁶)
177 3240 204 3277 x.
225 3224 235 3292 Ι
257 3228 289 3276 12
307 3226 386 3294 per(p
401 3223 522 3292 S)stylia
536 3225 568 3278 Η
572 3224 600 3292 S,
621 3223 762 3294 peristilia
782 3225 815 3280 G.
838 3227 848 3295 Ι
872 3230 904 3278 13
923 3241 984 3279 esse
1002 3225 1133 3296 perfecta

119 3292 270 3348 distributa
287 3312 307 3348 x
334 3294 413 3364 (perf.
440 3297 490 3350 del.
513 3295 678 3350 Oebmicbca.
715 3297 751 3363 ef.
769 3315 800 3366 p.
819 3299 942 3363 141118.
966 3299 1104 3367 138,16).
1122 3298 1132 3369 ΙΙ

120 3368 153 3416 14
170 3364 304 3434 peristylo
319 3365 386 3420 HS:
411 3365 550 3435 peristilio
571 3367 604 3422 G.
627 3368 636 3436 ΙΙ
660 3372 693 3420 18
712 3367 766 3420 erit
782 3385 811 3423 a.
827 3367 832 3437 Ι
847 3366 973 3421 habeant
989 3385 1017 3423 e.
1032 3370 1042 3438 Ι
1057 3372 1094 3423 20
1112 3385 1132 3423 a

117 3451 167 3488 om.
186 3452 213 3490 a.
246 3437 255 3505 Ι
287 3441 320 3490 23
344 3436 489 3491 abeunctia
512 3456 540 3493 or.
571 3439 581 3507 Ι
613 3443 647 3491 24
669 3437 728 3507 xy(i
744 3439 838 3507 G)stoe
856 3456 884 3493 ec.
914 3440 919 3509 Ι
948 3437 1071 3494 athldae
1090 3439 1132 3508 Η,

118 3507 240 3596 aaziae
256 3524 285 3592 a,
303 3524 425 3599 auena
442 3526 474 3580 o.
