2416 3922
148 171 210 234 142
568 167 734 223 VITRUVII

145 320 259 379 tudinis
287 320 333 378 uti
360 338 449 394 supra
476 319 674 377 tricliniorum
701 319 890 395 symmetriae
921 319 1053 394 scriptae
1084 322 1159 394 suni,

146 410 190 468 ita
225 407 356 466 habeant
391 408 551 482 rationem,
587 406 638 466 sed
673 411 796 483 propter
827 409 1035 467 columnarum
1071 407 1158 467 inter·

111 513 127 559 9
146 498 308 573 positiones
323 496 512 572 spatiosiores
527 497 754 556 constituantur.
786 497 865 555 inter
878 496 1042 557 corinthios
1060 499 1159 557 autem
1174 558 1177 563 ,

146 590 176 645 et
190 587 345 662 aegyptios
358 587 414 644 hoc
428 585 485 644 erit
500 576 504 666 Ι
520 585 686 645 discrimen.
712 585 851 644 corinthii
865 585 1016 661 simplices
1029 585 1157 645 habeant

147 675 298 733 columnas
322 677 375 733 aut
397 674 429 732 in
450 674 540 750 podio
568 673 681 750 positas
711 676 764 732 aut
785 675 818 732 in
839 673 909 749 imo,
932 692 1085 749 supraque
1106 666 1175 733 hs·¹

146 758 240 822 beant
263 763 402 839 epistylia
425 766 455 821 et
473 781 596 822 coronas
615 764 667 821 aut
686 781 721 821 ex
738 761 880 822 intestino
900 780 989 838 opere
1008 765 1062 821 aut
1080 762 1158 823 alba-²

147 852 201 926 rio,
224 855 377 927 praeterea
400 870 489 927 supra
513 869 636 910 coronas
659 870 751 910 cur'va
778 851 931 910 lacunaria
955 851 994 910 ad
1017 851 1156 911 circinum

148 939 325 999 delumbata.
369 939 402 998 in
425 940 572 1017 aegyptiis
596 942 696 998 autem
722 959 811 1016 supra
839 940 991 999 columnas
1019 939 1174 1017 epistylia:

147 1032 178 1087 et
201 1028 236 1086 ab
260 1029 406 1106 epistyliis
431 1028 470 1087 ad
490 1029 618 1104 parietes
639 1027 691 1103 qui
711 1032 781 1088 sunt
801 1023 805 1108 Ι
826 1028 903 1088 circa
925 1028 1097 1104 inponenda
1113 1030 1155 1089 est

147 1118 340 1195 contignatio,
362 1136 453 1193 supra
472 1117 676 1176 coaxationem
698 1119 911 1193 pavimentum,
933 1117 1043 1176 subdiu
1064 1120 1101 1176 ut
1117 1115 1161 1177 sil.-

147 1207 325 1265 circumitus.
381 1205 485 1265 deinde
517 1223 609 1281 supra
641 1205 814 1281 epistylium
845 1205 885 1264 ad
915 1206 1162 1282 perpendiculum*

146 1295 319 1354 inferiorum
347 1295 551 1354 columnarum
578 1294 763 1370 inponendae
791 1298 861 1353 sunt
887 1295 1017 1355 minores
1054 1296 1165 1371 quara·

146 1386 232 1460 parte
251 1385 412 1443 columnae.
449 1402 538 1459 supra
557 1401 659 1441 earum
678 1383 818 1460 epistylia
837 1385 867 1442 et
885 1385 1064 1443 ornamenta
1081 1383 1176 1444 lacu·

146 1473 238 1531 nariis
271 1475 414 1531 ornantur
447 1475 477 1531 et
508 1473 586 1531 inter
618 1472 768 1531 columnas
801 1471 966 1548 superiores
987 1463 992 1552 Ι
1013 1472 1154 1532 fenestrae

148 1562 345 1620 conlocantur.
373 1561 417 1619 ita
430 1560 621 1619 basilicarum
634 1579 670 1618 ea
684 1560 857 1635 similitudo,
870 1579 930 1619 non
945 1561 1155 1620 corinthiorum

96 1664 129 1711 10
146 1649 354 1724 tricliniorum,
372 1650 490 1708 videtur
513 1668 582 1708 esse.
622 1649 699 1708 fiunt
721 1652 821 1708 autem
843 1651 935 1708 etiam
957 1668 1019 1708 non
1040 1650 1155 1709 italicae

149 1738 369 1796 consuetudinis
398 1739 473 1813 oeci,
502 1756 574 1813 quos
604 1735 709 1796 Graeci
741 1738 891 1815 cyzicenos
919 1738 1084 1814 appellant.
1127 1736 1156 1796 bi

149 1827 340 1885 conlocantur
362 1829 528 1902 spectantes
552 1826 590 1885 ad
608 1827 839 1902 septentrionem
858 1829 887 1886 et
905 1826 1035 1886 maxime
1052 1826 1155 1887 viridia

147 1915 373 1991 prospicientes,
405 1917 567 1990 valvasque
598 1915 708 1974 habent
744 1915 776 1973 in
807 1915 912 1974 medio.
967 1916 1029 1991 ipsi
1061 1919 1156 1976 autem

148 2006 217 2062 sunt
237 1999 241 2082 Ι
261 2005 305 2062 ita
327 2004 410 2081 longi
434 2007 463 2062 et
485 2005 541 2062 lati
564 2005 610 2062 uti
632 2004 690 2062 duo
713 2004 843 2063 triclinia
862 2023 928 2063 cum
947 2004 1155 2063 circumitioni-

147 2092 202 2151 bus
224 2093 304 2151 inter
322 2088 326 2172 Ι
348 2112 378 2152 se
402 2093 567 2169 spectantia
589 2093 705 2169 possint
724 2111 786 2152 esse
805 2093 967 2168 conlocata,
989 2093 1156 2169 habentque

148 2180 251 2240 dextra
270 2201 304 2240 ac
322 2182 442 2240 sinistra
459 2181 573 2240 lumina
590 2182 788 2240 fenestrarum
806 2181 934 2256 valvata,
954 2182 1001 2240 uti
1020 2182 1057 2241 de
1076 2182 1155 2241 lectis

147 2290 200 2345 per
227 2272 326 2346 spatia
352 2271 549 2330 fenestrarum
575 2270 683 2329 viridia
709 2270 937 2346 prospiciantur.
985 2270 1155 2330 altitudines

148 2378 251 2417 eorum
273 2359 397 2416 dimidia
419 2358 586 2418 latitudinis
611 2358 713 2417 addita
736 2360 964 2418 constituuntur.

97 2463 128 2510 11
217 2440 277 2529 lin
303 2448 349 2506 his
374 2447 573 2506 aedificiorum
600 2447 756 2524 generibus
779 2466 880 2507 omnes
908 2451 979 2506 sunt
1005 2447 1155 2507 faciendae

149 2555 250 2594 aarum
276 2537 515 2611 symmetriarum
541 2537 671 2595 rationes
696 2555 771 2611 quae
798 2537 860 2595 sine
887 2535 1073 2611 inpeditione
1097 2536 1153 2595 loci

147 2623 213 2682 fiori
243 2627 397 2700 poterunt,
428 2626 600 2700 luminaque
631 2625 780 2700 parietum
812 2624 1019 2684 altitudinibus
1048 2625 1074 2683 si
1101 2643 1156 2684 non

149 2712 396 2788 obscurabuntur,
431 2714 560 2772 faciliter
591 2716 677 2772 erunt
709 2713 867 2789 explicata,
903 2713 950 2772 sin
981 2714 1086 2772 autem
1116 2713 1155 2772 in-

148 2801 305 2876 pedientur
332 2801 368 2859 ab
397 2802 543 2880 angustiis
572 2805 625 2860 aut
652 2803 718 2860 aliis
741 2801 980 2877 necessitatibus,
1008 2805 1082 2862 tunc
1105 2802 1157 2861 erit

148 2893 183 2948 ut
214 2890 332 2967 ingenio
365 2894 395 2950 et
427 2891 560 2949 acumine
591 2892 627 2950 de
647 2884 651 2968 Ι
673 2891 851 2966 symmetriis
880 2890 1080 2950 detractiones
1108 2891 1157 2950 aut

219 3095 361 3150 thabent
378 3113 399 3151 a
416 3097 506 3164 (eant
519 3096 564 3165 L).
592 3097 601 3164 Ι
629 3100 661 3148 11
682 3094 841 3149 circumitus
856 3093 899 3150 H:
919 3094 1055 3150 circuitus
1076 3094 1159 3161 ccl

150 3171 182 3219 13
202 3165 329 3238 columne
344 3165 376 3220 S:
395 3183 445 3219 -ua
459 3165 494 3219 H
498 3168 530 3222 G.
557 3169 566 3236 Ι
592 3171 625 3219 17
644 3165 693 3219 Hii
707 3167 745 3221 H.
772 3169 775 3235 Ι
800 3165 856 3236 cy(i
870 3165 1029 3235 S)zicenos:
1048 3169 1091 3224 cic
1106 3184 1134 3223 a.

150 3241 182 3289 19
201 3236 302 3291 valbae
321 3236 384 3291 Hs,
410 3237 414 3307 Ι
438 3236 545 3291 habent
563 3237 630 3292 Hs:
649 3235 786 3291 habentes
807 3236 840 3291 G.
864 3239 874 3306 Ι
896 3242 931 3290 20
949 3254 1014 3291 cum
1033 3255 1085 3295 cm.
1101 3238 1134 3295 θ.

149 3306 359 3360 circuitionibus
379 3306 543 3374 S(circum-
562 3308 607 3375 H,
630 3306 717 3362 circr'r·
737 3307 780 3376 G).
808 3310 818 3377 ΙΙ
845 3314 878 3361 22
898 3309 984 3376 atque
1006 3316 1073 3365 ante
1093 3325 1157 3366 corr.
1196 3324 1200 3373 l

149 3378 187 3432 H.
205 3383 208 3444 Ι
224 3378 243 3432 f.
263 3377 366 3432 viridia
383 3377 500 3432 valvata
518 3378 561 3431 uti
578 3397 606 3433 a.
628 3381 632 3442 Ι
652 3379 746 3433 lectis:
765 3377 849 3432 tectis
867 3396 895 3433 cc.
916 3381 926 3448 l
946 3385 980 3432 23
1000 3379 1158 3434 altitudinis
1196 3376 1200 3421 i

148 3448 358 3517 ΙΙΙ-119368).
385 3451 394 3518 l
421 3455 455 3502 26
475 3465 571 3503 earum
585 3449 718 3518 Hsffia:
742 3449 811 3503 eade
834 3456 898 3504 crate
915 3466 984 3506 corr.
1001 3450 1037 3507 G.
1063 3453 1069 3522 Ι
1092 3449 1173 3519 locis·

148 3536 175 3573 ω.
199 3522 208 3588 Ι
231 3525 264 3572 28
283 3518 367 3573 facile
382 3519 408 3575 S.
432 3521 441 3589 ΙΙ
464 3526 497 3574 29
516 3523 584 3574 tunc
603 3520 656 3574 erit
672 3520 709 3575 G:
728 3519 831 3574 tenerit
845 3519 908 3575 Hs.
1149 3566 1153 3575 .
