2416 3922
307 157 356 209 DE
375 155 656 211 ARCHITECTURA
675 147 742 212 LlB,
761 157 807 224 IV,
828 162 843 210 7
1040 157 1082 220 97

29 321 56 372 (⁵)
136 307 216 376 Quas
239 309 368 365 rationes
392 307 509 365 aedium
532 325 682 365 sacrarum
700 306 732 365 in
751 307 978 366 formationibus
998 327 1083 382 opor·

65 400 130 456 teat
158 397 223 454 fieri
249 391 399 473 <doricis>
426 396 531 454 ionicis
560 397 771 472 corinthiisque
803 397 953 471 operibus,
985 397 1084 472 quoad

43 487 155 566 ¹potui
185 487 344 562 attingere,
373 485 469 544 veluti
495 486 637 560 legitimis
665 485 795 544 moribus
824 486 953 559 exposui.
1004 504 1084 543 nunc

66 576 102 634 de
126 575 286 633 tuscanicis
314 574 556 648 dispositionibus
585 575 833 648 quemadmodum
855 574 974 632 institui
996 593 1081 649 opor·

43 667 132 726 steat
156 664 260 721 dicam.
305 663 397 735 locus,
423 664 456 719 in
479 682 537 737 quo
560 664 642 721 aedis
665 665 868 738 constituetur,
893 682 959 720 cum
981 663 1137 720 habu-VH

22 753 125 816 (ro)erit
155 753 187 810 in
215 751 400 828 longitudine
426 746 430 828 Ι
455 770 506 809 sex
532 754 647 826 partes,
677 771 737 809 una
770 752 909 826 adempta
936 753 1084 827 reliquum

68 840 150 916 quod
172 842 231 899 erit
252 841 406 898 latitudini
428 839 522 898 detur.
568 840 723 916 longitudo
747 843 845 898 autem
869 841 1019 899 dividatur
1040 841 1083 898 bi-

67 931 179 1005 pertito
204 932 234 987 et
256 949 331 1004 quae
354 947 423 1003 pars
452 930 508 987 crit
530 930 666 1004 interior,
695 930 836 987 cellarum
859 931 964 1004 spatiis
987 931 1084 1006 desig·

67 1021 169 1091 netur,
198 1038 274 1093 quae
297 1019 353 1076 erit
375 1019 510 1092 proxima
536 1019 642 1091 fronti,
670 1019 872 1077 columnarum
895 1019 1084 1093 dispositioni

31 1131 54 1170 10
67 1108 263 1182 relinquatur.
309 1108 382 1164 item
404 1107 533 1165 latitudo
556 1107 706 1165 dividatur
728 1108 759 1163 in
781 1109 882 1181 partes
905 1126 933 1163 x.
980 1127 1015 1165 ex
1037 1108 1119 1167 hisa

19 1210 58 1260 (15)
67 1199 172 1254 ternae
195 1198 294 1270 partes
319 1195 421 1252 dextra
445 1213 480 1252 ac
502 1197 623 1254 sinistra
647 1195 727 1253 cellis
748 1191 752 1272 Ι
772 1195 934 1254 minoribus
958 1197 1019 1254 sive
1042 1196 1085 1253 ibi
1112 1249 1115 1255 ,

69 1285 133 1343 alae
157 1285 275 1342 futurae
304 1287 374 1343 sunt
401 1285 520 1357 dentur,
547 1285 679 1360 reliquae
709 1287 850 1358 quattuor
875 1284 989 1342 mediae
1018 1284 1085 1342 aedi

70 1373 281 1432 attribuantur.
333 1374 463 1447 spatium
493 1373 572 1447 quod
601 1375 658 1432 erit
690 1375 759 1431 ante
788 1373 876 1431 cellas
904 1375 935 1430 in
962 1391 1084 1448 pronao,

68 1465 113 1521 ita
137 1461 281 1520 columnis
305 1462 476 1538 designetur
498 1466 532 1520 ut
556 1463 712 1538 angulares
737 1464 839 1521 contra
863 1465 961 1536 antas,
988 1463 1084 1536 parie-

30 1574 55 1614 15
68 1555 134 1609 tum
158 1554 356 1610 extremorum
384 1570 399 1608 e
425 1551 559 1626 regione,
592 1552 792 1626 conlocentur,
823 1551 898 1608 duae
926 1552 1040 1608 mediae
1069 1571 1084 1609 e

18 1641 190 1717 ‹arregione
213 1641 362 1715 parietum
384 1640 436 1714 qui
458 1640 536 1697 inter
559 1643 644 1698 antas
672 1643 702 1699 et
723 1640 852 1698 mediam
875 1640 978 1697 aedem
998 1635 1002 1718 Ι
1022 1641 1084 1698 fue-

68 1731 140 1803 rint,
163 1730 208 1786 ita
232 1728 456 1802 distribuantur,
484 1731 513 1786 et
535 1730 613 1786 inter
636 1732 720 1786 antas
745 1731 775 1787 et
798 1729 948 1788 columnas
971 1731 1083 1804 priores

69 1838 123 1893 per
146 1817 277 1875 medium
299 1816 393 1875 isdem
415 1817 585 1893 regionibus
605 1817 714 1876 alterae
734 1818 936 1892 disponantur.
974 1837 1084 1892 eaeque

70 1909 131 1965 sint
153 1906 214 1963 ima
238 1905 431 1964 crassitudine
460 1906 627 1964 altitudinis
648 1909 734 1981 parte
757 1926 813 1980 vn,
841 1907 968 1964 altitudo
995 1909 1085 1964 tertia

30 1998 156 2070 soparte
179 1995 348 2053 latitudinis
371 1995 485 2068 templi,
512 2013 684 2070 summaque
711 1996 847 2054 columna
871 1998 977 2069 quarta
999 1998 1084 2070 parte

70 2084 275 2143 crassitudinis
297 2085 375 2141 imae
394 2083 592 2141 contrahatur.
629 2085 726 2158 spirae
746 2104 847 2142 aarum
865 2085 943 2141 altae
963 2083 1084 2141 dimidia
1104 2096 1119 2142 3

18 2164 77 2254 (15)Ι
98 2175 185 2247 parte
209 2172 411 2230 crassitudinis
434 2172 517 2230 fiant.
553 2172 683 2230 habeant
701 2173 797 2247 spirae
817 2191 918 2230 aarum
935 2173 1085 2246 plinthum

70 2261 110 2320 ad
133 2262 275 2318 circinum
298 2261 391 2319 altam
414 2280 484 2319 suae
507 2261 711 2319 crassitudinis
731 2260 853 2317 dimidia
871 2262 964 2334 parte,
986 2263 1085 2319 torum

10 2353 57 2408 loo
70 2341 203 2431 inlsuper
227 2368 293 2407 cum
321 2350 463 2425 apophysi
494 2368 624 2407 crassum
652 2352 796 2424 quantum
818 2348 960 2423 plinthus.
1006 2351 1084 2423 capi-

31 2463 56 2503 25
70 2439 129 2496 tuli
153 2439 281 2496 altitudo
304 2438 427 2495 dimidia
451 2438 662 2497 crassitudinis.
709 2438 793 2496 abaci
819 2437 947 2495 latitudo
972 2441 1085 2511 quanta

69 2529 131 2586 ima
155 2527 320 2586 crassitudo
344 2528 505 2586 columnae.
542 2527 725 2602 capitulique
749 2527 914 2584 crassitudo
934 2526 1085 2584 dividatur

70 2616 103 2674 in
116 2620 218 2691 partes
237 2619 305 2691 treS,
325 2636 340 2672 e
361 2616 466 2690 quibus
485 2636 544 2674 una
562 2615 688 2691 plintho,
707 2634 783 2690 quae
803 2619 847 2674 est
866 2615 965 2690 abacO,
990 2616 1085 2689 detur,

70 2841 163 2921 1577
181 2840 215 2903 cf.
236 2838 301 2892 Keil
324 2840 361 2891 ad
381 2838 439 2893 Cat.
459 2856 488 2907 p.
503 2840 562 2907 21):
586 2837 755 2891 caelostrata
774 2838 818 2905 H,
841 2838 901 2910 celo
925 2840 1015 2892 strata
1035 2839 1087 2893 GS

69 2911 159 3032 (comt
174 2909 278 3032 ddbois
293 2997 342 3034 om.
357 2997 384 3032 ar.
400 2982 408 3048 ΙΙ
422 2985 438 3032 6
454 2980 587 3048 adempta
596 2979 630 3031 H
633 2979 663 3033 S:
680 2979 794 3049 dempta
805 2981 838 3035 G.
853 2982 862 3049 ΙΙ
877 2985 892 3031 9
908 2978 1086 3047 dispositioni
1162 3013 1165 3018 -

71 3051 110 3104 G:
126 3067 174 3104 -ne
189 3050 252 3104 Hs.
268 3052 276 3120 ΙΙ
292 3056 324 3102 12
343 3050 417 3104 alae:
435 3051 508 3104 aliae
523 3054 560 3122 (q
578 3050 677 3115 Gdlx.
692 3052 701 3117 ΙΙ
716 3056 748 3103 15
764 3067 778 3103 e
794 3054 867 3119 (post
881 3052 961 3118 extr.)
975 3067 1024 3104 om.
1039 3049 1086 3121 rull

76 3127 109 3174 16
130 3124 212 3174 antas
230 3123 233 3186 Ι
252 3123 289 3176 G:
310 3123 377 3174 anta
392 3122 426 3176 H
441 3124 499 3191 (ubi
517 3123 586 3173 anta
602 3129 606 3183 Ι
622 3121 644 3173 dc
658 3121 741 3189 med.)
756 3129 780 3175 et
794 3122 821 3176 S.
836 3125 844 3191 Ι
860 3126 891 3174 18
911 3120 1020 3173 hisdem
1034 3138 1060 3173 cr.
1079 3120 1083 3192 Ι

71 3193 164 3246 altera
184 3196 243 3263 ae(q
265 3190 374 3261 GSldis
393 3196 514 3261 ponatur
533 3208 635 3259 aeques
654 3190 754 3244 intima
773 3194 831 3262 (abi
850 3209 937 3263 aeque
958 3191 1014 3243 sint
1028 3191 1086 3244 ima

73 3299 108 3364 G,
127 3316 174 3368 qq,
193 3296 250 3350 sint
268 3297 326 3351 ima
345 3298 410 3364 Slus.
426 3304 434 3362 Ι
450 3304 482 3351 19
501 3318 547 3351 v11.
566 3316 586 3351 a
604 3299 648 3367 <=
663 3274 710 3351 ind
728 3299 781 3368 (ἕο).
799 3303 802 3362 Ι
819 3297 924 3351 tertia.
941 3341 947 3350 .
963 3340 968 3350 .
984 3299 1085 3364 quarta

72 3368 149 3424 HG:
171 3388 342 3423 .111...1111.
362 3369 388 3424 S.
412 3370 421 3438 ΙΙ
444 3376 476 3422 21
497 3369 554 3422 ima
573 3387 600 3423 x.
622 3373 625 3435 Ι
646 3369 735 3423 altae:
755 3369 813 3422 alia
831 3389 857 3423 a.
882 3370 891 3438 ΙΙ
915 3373 949 3420 24
968 3367 1086 3436 apopysi

72 3439 141 3503 HS,
167 3438 278 3508 apopisi
298 3441 332 3494 G.
358 3445 361 3504 Ι
387 3440 551 3509 capituli-
568 3441 674 3510 [lo.26)
693 3440 865 3508 capitulique
884 3457 933 3492 ora.
954 3439 1031 3493 sou
1050 3457 1084 3494 m,

70 3511 162 3580 suppl.
184 3517 234 3579 15⁰).
249 3513 258 3579 ΙΙ
273 3517 306 3564 27
325 3513 381 3563 tres
401 3512 434 3564 Η
438 3513 468 3566 S:
488 3531 526 3564 111.
548 3512 580 3566 G.
599 3520 602 3579 Ι
619 3512 719 3565 abaco:
739 3511 858 3565 inabaco
876 3528 904 3563 x.

127 3609 231 3648 Vrrncv.
246 3609 274 3648 de
288 3608 406 3648 architaet.
424 3610 458 3649 ed.
475 3610 553 3650 Rosa.
737 3599 741 3617 ¹
912 3603 930 3650 'l
