<?xml version="1.0" encoding="UTF-8"?>
<!DOCTYPE html PUBLIC "-//W3C//DTD XHTML 1.0 Transitional//EN"
    "http://www.w3.org/TR/xhtml1/DTD/xhtml1-transitional.dtd">
<html xmlns="http://www.w3.org/1999/xhtml" xml:lang="en" lang="en">
 <head>
  <title>
</title>
<meta http-equiv="Content-Type" content="text/html;charset=utf-8" />
  <meta name='ocr-system' content='tesseract 3.04.00' />
  <meta name='ocr-capabilities' content='ocr_page ocr_carea ocr_par ocr_line ocrx_word'/>
</head>
<body>
  <div class='ocr_page' id='page_1' title='image "./vitruviidearchi00rosegoog_0288.png"; bbox 0 0 2416 3922; ppageno 0'>
   <div class='ocr_carea' id='block_1_1' title="bbox 341 187 1104 257">
    <p class='ocr_par' dir='ltr' id='par_1_1' title="bbox 341 187 1104 257">
     <span class='ocr_line' id='line_1_1' title="bbox 341 187 1104 257; baseline 0.017 -15"><span class='ocrx_word' id='word_1_1' title='bbox 341 187 388 242; x_wconf 84' lang='lat' dir='ltr'>DE</span> <span class='ocrx_word' id='word_1_2' title='bbox 408 187 687 243; x_wconf 77' lang='lat' dir='ltr'><strong>ARCHITECTURA</strong></span> <span class='ocrx_word' id='word_1_3' title='bbox 705 188 772 242; x_wconf 88' lang='lat' dir='ltr'><strong>LIB.</strong></span> <span class='ocrx_word' id='word_1_4' title='bbox 791 190 824 257; x_wconf 90' lang='lat' dir='ltr'>X,</span> <span class='ocrx_word' id='word_1_5' title='bbox 844 196 859 242; x_wconf 84' lang='lat'>3</span> <span class='ocrx_word' id='word_1_6' title='bbox 1041 191 1104 255; x_wconf 74' lang='lat'>251</span> 
     </span>
    </p>
   </div>
   <div class='ocr_carea' id='block_1_2' title="bbox 47 339 1142 2899">
    <p class='ocr_par' dir='ltr' id='par_1_2' title="bbox 47 339 1142 2899">
     <span class='ocr_line' id='line_1_2' title="bbox 96 339 1105 415; baseline 0 -16"><span class='ocrx_word' id='word_1_7' title='bbox 96 358 163 399; x_wconf 89' lang='lat' dir='ltr'>cum</span> <span class='ocrx_word' id='word_1_8' title='bbox 187 342 286 398; x_wconf 88' lang='lat' dir='ltr'>autem</span> <span class='ocrx_word' id='word_1_9' title='bbox 308 339 339 396; x_wconf 90' lang='lat' dir='ltr'>in</span> <span class='ocrx_word' id='word_1_10' title='bbox 362 357 476 398; x_wconf 91' lang='lat' dir='ltr'>summo</span> <span class='ocrx_word' id='word_1_11' title='bbox 500 341 653 398; x_wconf 78' lang='lat' dir='ltr'>cacumine</span> <span class='ocrx_word' id='word_1_12' title='bbox 671 342 828 398; x_wconf 74' lang='lat' dir='ltr'>antemnae</span> <span class='ocrx_word' id='word_1_13' title='bbox 848 341 1007 399; x_wconf 86' lang='lat' dir='ltr'>subductae</span> <span class='ocrx_word' id='word_1_14' title='bbox 1026 344 1105 415; x_wconf 91' lang='lat' dir='ltr'>sunt,</span> 
     </span>
     <span class='ocr_line' id='line_1_3' title="bbox 95 428 1106 506; baseline 0 -18"><span class='ocrx_word' id='word_1_15' title='bbox 95 431 166 488; x_wconf 87' lang='lat' dir='ltr'>tunc</span> <span class='ocrx_word' id='word_1_16' title='bbox 188 429 407 487; x_wconf 85' lang='lat' dir='ltr'>vehementiore</span> <span class='ocrx_word' id='word_1_17' title='bbox 430 428 619 505; x_wconf 73' lang='lat' dir='ltr'>progreditur</span> <span class='ocrx_word' id='word_1_18' title='bbox 640 429 768 504; x_wconf 85' lang='lat' dir='ltr'>impetu,</span> <span class='ocrx_word' id='word_1_19' title='bbox 792 431 870 504; x_wconf 93' lang='lat' dir='ltr'>quod</span> <span class='ocrx_word' id='word_1_20' title='bbox 893 449 952 488; x_wconf 92' lang='lat' dir='ltr'>non</span> <span class='ocrx_word' id='word_1_21' title='bbox 974 429 1106 506; x_wconf 86' lang='lat' dir='ltr'>proxime</span> 
     </span>
     <span class='ocr_line' id='line_1_4' title="bbox 47 510 1106 599; baseline -0.003 -19"><span class='ocrx_word' id='word_1_22' title='bbox 47 528 86 580; x_wconf 73' lang='lat'>(1⁰)</span> <span class='ocrx_word' id='word_1_23' title='bbox 95 518 207 577; x_wconf 82' lang='lat' dir='ltr'>calcem</span> <span class='ocrx_word' id='word_1_24' title='bbox 229 517 310 591; x_wconf 88' lang='lat' dir='ltr'>mali,</span> <span class='ocrx_word' id='word_1_25' title='bbox 335 517 413 592; x_wconf 92' lang='lat' dir='ltr'>quod</span> <span class='ocrx_word' id='word_1_26' title='bbox 436 520 481 575; x_wconf 91' lang='lat' dir='ltr'>est</span> <span class='ocrx_word' id='word_1_27' title='bbox 504 518 567 575; x_wconf 92' lang='lat' dir='ltr'>loco</span> <span class='ocrx_word' id='word_1_28' title='bbox 592 518 694 592; x_wconf 88' lang='lat' dir='ltr'>centri,</span> <span class='ocrx_word' id='word_1_29' title='bbox 718 518 769 576; x_wconf 90' lang='lat' dir='ltr'>sed</span> <span class='ocrx_word' id='word_1_30' title='bbox 792 518 824 575; x_wconf 92' lang='lat' dir='ltr'>in</span> <span class='ocrx_word' id='word_1_31' title='bbox 847 536 961 577; x_wconf 91' lang='lat' dir='ltr'>summo</span> <span class='ocrx_word' id='word_1_32' title='bbox 979 510 1106 599; x_wconf 65' lang='lat' dir='ltr'>lonlgius</span> 
     </span>
     <span class='ocr_line' id='line_1_5' title="bbox 95 605 1141 684; baseline 0 -20"><span class='ocrx_word' id='word_1_33' title='bbox 95 605 133 664; x_wconf 89' lang='lat' dir='ltr'>ab</span> <span class='ocrx_word' id='word_1_34' title='bbox 157 624 192 664; x_wconf 92' lang='lat' dir='ltr'>eo</span> <span class='ocrx_word' id='word_1_35' title='bbox 214 624 371 684; x_wconf 87' lang='lat' dir='ltr'>progressa</span> <span class='ocrx_word' id='word_1_36' title='bbox 394 606 542 681; x_wconf 88' lang='lat' dir='ltr'>recipiunt</span> <span class='ocrx_word' id='word_1_37' title='bbox 564 606 596 662; x_wconf 90' lang='lat' dir='ltr'>in</span> <span class='ocrx_word' id='word_1_38' title='bbox 619 625 650 665; x_wconf 94' lang='lat' dir='ltr'>se</span> <span class='ocrx_word' id='word_1_39' title='bbox 672 607 739 664; x_wconf 85' lang='lat' dir='ltr'>vela</span> <span class='ocrx_word' id='word_1_40' title='bbox 762 609 892 665; x_wconf 88' lang='lat' dir='ltr'>ventum.</span> <span class='ocrx_word' id='word_1_41' title='bbox 936 608 1038 682; x_wconf 88' lang='lat' dir='ltr'>itaque</span> <span class='ocrx_word' id='word_1_42' title='bbox 1062 608 1141 670; x_wconf 78' lang='lat' dir='ltr'>utic</span> 
     </span>
     <span class='ocr_line' id='line_1_6' title="bbox 68 694 1105 770; baseline -0.003 -14"><span class='ocrx_word' id='word_1_43' title='bbox 68 695 188 756; x_wconf 75' lang='lat' dir='ltr'>evectis</span> <span class='ocrx_word' id='word_1_44' title='bbox 216 695 270 754; x_wconf 89' lang='lat' dir='ltr'>sub</span> <span class='ocrx_word' id='word_1_45' title='bbox 298 713 385 753; x_wconf 88' lang='lat' dir='ltr'>onere</span> <span class='ocrx_word' id='word_1_46' title='bbox 413 694 561 753; x_wconf 88' lang='lat' dir='ltr'>subiectus</span> <span class='ocrx_word' id='word_1_47' title='bbox 590 696 612 754; x_wconf 90' lang='lat' dir='ltr'>si</span> <span class='ocrx_word' id='word_1_48' title='bbox 639 714 693 769; x_wconf 92' lang='lat' dir='ltr'>per</span> <span class='ocrx_word' id='word_1_49' title='bbox 715 694 847 753; x_wconf 88' lang='lat' dir='ltr'>medium</span> <span class='ocrx_word' id='word_1_50' title='bbox 868 697 1025 770; x_wconf 91' lang='lat' dir='ltr'>premitur,</span> <span class='ocrx_word' id='word_1_51' title='bbox 1054 696 1105 753; x_wconf 93' lang='lat' dir='ltr'>du-</span> 
     </span>
     <span class='ocr_line' id='line_1_7' title="bbox 93 783 1107 858; baseline 0 -16"><span class='ocrx_word' id='word_1_52' title='bbox 93 785 156 844; x_wconf 88' lang='lat' dir='ltr'>rior</span> <span class='ocrx_word' id='word_1_53' title='bbox 179 786 225 842; x_wconf 88' lang='lat' dir='ltr'>est</span> <span class='ocrx_word' id='word_1_54' title='bbox 247 802 341 858; x_wconf 88' lang='lat' dir='ltr'>neque</span> <span class='ocrx_word' id='word_1_55' title='bbox 365 783 521 857; x_wconf 81' lang='lat' dir='ltr'>incumbit,</span> <span class='ocrx_word' id='word_1_56' title='bbox 548 803 615 841; x_wconf 90' lang='lat' dir='ltr'>cum</span> <span class='ocrx_word' id='word_1_57' title='bbox 638 786 738 842; x_wconf 90' lang='lat' dir='ltr'>autem</span> <span class='ocrx_word' id='word_1_58' title='bbox 761 787 851 858; x_wconf 91' lang='lat' dir='ltr'>caput</span> <span class='ocrx_word' id='word_1_59' title='bbox 874 785 935 842; x_wconf 89' lang='lat' dir='ltr'>eius</span> <span class='ocrx_word' id='word_1_60' title='bbox 960 804 1107 842; x_wconf 92' lang='lat' dir='ltr'>summum</span> 
     </span>
     <span class='ocr_line' id='line_1_8' title="bbox 93 872 1108 947; baseline 0.001 -16"><span class='ocrx_word' id='word_1_61' title='bbox 93 872 265 947; x_wconf 78' lang='lat' dir='ltr'>deducitur,</span> <span class='ocrx_word' id='word_1_62' title='bbox 292 872 421 930; x_wconf 87' lang='lat' dir='ltr'>faciliter</span> <span class='ocrx_word' id='word_1_63' title='bbox 448 891 522 930; x_wconf 92' lang='lat' dir='ltr'>onus</span> <span class='ocrx_word' id='word_1_64' title='bbox 546 872 671 946; x_wconf 83' lang='lat' dir='ltr'>extollit,</span> <span class='ocrx_word' id='word_1_65' title='bbox 699 873 836 930; x_wconf 88' lang='lat' dir='ltr'>similiter</span> <span class='ocrx_word' id='word_1_66' title='bbox 858 875 925 931; x_wconf 90' lang='lat' dir='ltr'>vela</span> <span class='ocrx_word' id='word_1_67' title='bbox 948 892 1015 930; x_wconf 92' lang='lat' dir='ltr'>cum</span> <span class='ocrx_word' id='word_1_68' title='bbox 1038 877 1108 932; x_wconf 90' lang='lat' dir='ltr'>sunt</span> 
     </span>
     <span class='ocr_line' id='line_1_9' title="bbox 94 961 1106 1037; baseline 0 -18"><span class='ocrx_word' id='word_1_69' title='bbox 94 980 149 1037; x_wconf 89' lang='lat' dir='ltr'>per</span> <span class='ocrx_word' id='word_1_70' title='bbox 175 961 306 1019; x_wconf 89' lang='lat' dir='ltr'>medium</span> <span class='ocrx_word' id='word_1_71' title='bbox 332 963 511 1036; x_wconf 88' lang='lat' dir='ltr'>temperata,</span> <span class='ocrx_word' id='word_1_72' title='bbox 538 961 682 1019; x_wconf 88' lang='lat' dir='ltr'>minorem</span> <span class='ocrx_word' id='word_1_73' title='bbox 709 961 820 1019; x_wconf 91' lang='lat' dir='ltr'>habent</span> <span class='ocrx_word' id='word_1_74' title='bbox 847 961 1002 1036; x_wconf 87' lang='lat' dir='ltr'>virtutem,</span> <span class='ocrx_word' id='word_1_75' title='bbox 1030 981 1106 1036; x_wconf 89' lang='lat' dir='ltr'>quae</span> 
     </span>
     <span class='ocr_line' id='line_1_10' title="bbox 47 1048 1107 1127; baseline -0.005 -15"><span class='ocrx_word' id='word_1_76' title='bbox 47 1059 84 1113; x_wconf 70' lang='lat'>11⁵)</span> <span class='ocrx_word' id='word_1_77' title='bbox 94 1053 198 1108; x_wconf 86' lang='lat' dir='ltr'>autem</span> <span class='ocrx_word' id='word_1_78' title='bbox 224 1048 228 1127; x_wconf 83' lang='grc' dir='ltr'>Ι</span> <span class='ocrx_word' id='word_1_79' title='bbox 255 1050 288 1107; x_wconf 91' lang='lat' dir='ltr'>in</span> <span class='ocrx_word' id='word_1_80' title='bbox 323 1050 421 1124; x_wconf 88' lang='lat' dir='ltr'>capite</span> <span class='ocrx_word' id='word_1_81' title='bbox 452 1050 525 1106; x_wconf 89' lang='lat' dir='ltr'>mali</span> <span class='ocrx_word' id='word_1_82' title='bbox 557 1069 671 1108; x_wconf 87' lang='lat' dir='ltr'>summo</span> <span class='ocrx_word' id='word_1_83' title='bbox 703 1050 896 1108; x_wconf 82' lang='lat' dir='ltr'>conlocantur</span> <span class='ocrx_word' id='word_1_84' title='bbox 927 1049 1107 1108; x_wconf 85' lang='lat' dir='ltr'>discedentia</span> 
     </span>
     <span class='ocr_line' id='line_1_11' title="bbox 55 1138 1106 1216; baseline -0.003 -17"><span class='ocrx_word' id='word_1_85' title='bbox 55 1160 80 1199; x_wconf 78' lang='grc' dir='ltr'>ιο</span> <span class='ocrx_word' id='word_1_86' title='bbox 93 1139 213 1216; x_wconf 90' lang='lat' dir='ltr'>longius</span> <span class='ocrx_word' id='word_1_87' title='bbox 242 1157 260 1196; x_wconf 91' lang='lat' dir='ltr'>a</span> <span class='ocrx_word' id='word_1_88' title='bbox 283 1141 397 1211; x_wconf 89' lang='lat' dir='ltr'>centr0,</span> <span class='ocrx_word' id='word_1_89' title='bbox 425 1157 484 1196; x_wconf 92' lang='lat' dir='ltr'>non</span> <span class='ocrx_word' id='word_1_90' title='bbox 507 1139 619 1197; x_wconf 88' lang='lat' dir='ltr'>acriore</span> <span class='ocrx_word' id='word_1_91' title='bbox 642 1138 693 1197; x_wconf 89' lang='lat' dir='ltr'>sed</span> <span class='ocrx_word' id='word_1_92' title='bbox 716 1138 819 1196; x_wconf 88' lang='lat' dir='ltr'>eodem</span> <span class='ocrx_word' id='word_1_93' title='bbox 842 1139 929 1212; x_wconf 90' lang='lat' dir='ltr'>flatu,</span> <span class='ocrx_word' id='word_1_94' title='bbox 956 1139 1106 1214; x_wconf 87' lang='lat' dir='ltr'>pressione</span> 
     </span>
     <span class='ocr_line' id='line_1_12' title="bbox 92 1227 1108 1304; baseline -0.002 -18"><span class='ocrx_word' id='word_1_95' title='bbox 92 1227 255 1286; x_wconf 84' lang='lat' dir='ltr'>cacuminis</span> <span class='ocrx_word' id='word_1_96' title='bbox 291 1227 494 1286; x_wconf 81' lang='lat' dir='ltr'>vehementius</span> <span class='ocrx_word' id='word_1_97' title='bbox 531 1229 640 1302; x_wconf 76' lang='lat' dir='ltr'>cogrmt</span> <span class='ocrx_word' id='word_1_98' title='bbox 677 1227 816 1304; x_wconf 84' lang='lat' dir='ltr'>progredi</span> <span class='ocrx_word' id='word_1_99' title='bbox 847 1245 961 1285; x_wconf 81' lang='lat' dir='ltr'>navem.</span> <span class='ocrx_word' id='word_1_100' title='bbox 1017 1227 1108 1285; x_wconf 89' lang='lat' dir='ltr'>etiam</span> 
     </span>
     <span class='ocr_line' id='line_1_13' title="bbox 93 1315 1107 1392; baseline -0.001 -18"><span class='ocrx_word' id='word_1_101' title='bbox 93 1317 170 1374; x_wconf 89' lang='lat' dir='ltr'>remi</span> <span class='ocrx_word' id='word_1_102' title='bbox 197 1316 275 1374; x_wconf 87' lang='lat' dir='ltr'>circa</span> <span class='ocrx_word' id='word_1_103' title='bbox 303 1315 427 1374; x_wconf 86' lang='lat' dir='ltr'>scalmos</span> <span class='ocrx_word' id='word_1_104' title='bbox 456 1317 584 1390; x_wconf 88' lang='lat' dir='ltr'>strophis</span> <span class='ocrx_word' id='word_1_105' title='bbox 612 1316 732 1392; x_wconf 87' lang='lat' dir='ltr'>religati</span> <span class='ocrx_word' id='word_1_106' title='bbox 759 1334 825 1374; x_wconf 88' lang='lat' dir='ltr'>cum</span> <span class='ocrx_word' id='word_1_107' title='bbox 852 1316 988 1375; x_wconf 93' lang='lat' dir='ltr'>manibus</span> <span class='ocrx_word' id='word_1_108' title='bbox 1014 1316 1107 1390; x_wconf 90' lang='lat' dir='ltr'>inpel-</span> 
     </span>
     <span class='ocr_line' id='line_1_14' title="bbox 92 1404 1106 1481; baseline 0 -19"><span class='ocrx_word' id='word_1_109' title='bbox 92 1405 198 1462; x_wconf 86' lang='lat' dir='ltr'>luntur</span> <span class='ocrx_word' id='word_1_110' title='bbox 229 1407 258 1463; x_wconf 89' lang='lat' dir='ltr'>et</span> <span class='ocrx_word' id='word_1_111' title='bbox 287 1404 480 1479; x_wconf 88' lang='lat' dir='ltr'>reducuntur,</span> <span class='ocrx_word' id='word_1_112' title='bbox 510 1404 647 1462; x_wconf 85' lang='lat' dir='ltr'>extremis</span> <span class='ocrx_word' id='word_1_113' title='bbox 676 1404 932 1481; x_wconf 81' lang='lat' dir='ltr'>progredientibus</span> <span class='ocrx_word' id='word_1_114' title='bbox 961 1423 979 1462; x_wconf 91' lang='lat' dir='ltr'>a</span> <span class='ocrx_word' id='word_1_115' title='bbox 1006 1407 1106 1462; x_wconf 90' lang='lat' dir='ltr'>centro</span> 
     </span>
     <span class='ocr_line' id='line_1_15' title="bbox 47 1484 1107 1574; baseline 0.004 -28"><span class='ocrx_word' id='word_1_116' title='bbox 47 1505 83 1557; x_wconf 77' lang='lat'>120)</span> <span class='ocrx_word' id='word_1_117' title='bbox 93 1493 204 1568; x_wconf 89' lang='lat' dir='ltr'>palmis</span> <span class='ocrx_word' id='word_1_118' title='bbox 227 1494 317 1552; x_wconf 90' lang='lat' dir='ltr'>maris</span> <span class='ocrx_word' id='word_1_119' title='bbox 340 1493 427 1552; x_wconf 93' lang='lat' dir='ltr'>undis</span> <span class='ocrx_word' id='word_1_120' title='bbox 446 1484 587 1574; x_wconf 75' lang='lat' dir='ltr'>spquati</span> <span class='ocrx_word' id='word_1_121' title='bbox 604 1493 725 1568; x_wconf 89' lang='lat' dir='ltr'>inpulsu</span> <span class='ocrx_word' id='word_1_122' title='bbox 743 1494 910 1552; x_wconf 89' lang='lat' dir='ltr'>vehementi</span> <span class='ocrx_word' id='word_1_123' title='bbox 928 1493 1107 1568; x_wconf 85' lang='lat' dir='ltr'>protrudunt</span> 
     </span>
     <span class='ocr_line' id='line_1_16' title="bbox 55 1582 1142 1657; baseline 0.001 -14"><span class='ocrx_word' id='word_1_124' title='bbox 55 1602 80 1643; x_wconf 81' lang='lat'>15</span> <span class='ocrx_word' id='word_1_125' title='bbox 93 1584 263 1657; x_wconf 87' lang='lat' dir='ltr'>porrectam</span> <span class='ocrx_word' id='word_1_126' title='bbox 281 1600 397 1656; x_wconf 85' lang='lat' dir='ltr'>navem,</span> <span class='ocrx_word' id='word_1_127' title='bbox 416 1585 533 1640; x_wconf 89' lang='lat' dir='ltr'>secante</span> <span class='ocrx_word' id='word_1_128' title='bbox 551 1601 640 1656; x_wconf 88' lang='lat' dir='ltr'>prora</span> <span class='ocrx_word' id='word_1_129' title='bbox 655 1582 779 1656; x_wconf 88' lang='lat' dir='ltr'>liquoris</span> <span class='ocrx_word' id='word_1_130' title='bbox 794 1582 957 1640; x_wconf 88' lang='lat' dir='ltr'>raritatem.</span> <span class='ocrx_word' id='word_1_131' title='bbox 986 1602 1108 1641; x_wconf 87' lang='lat' dir='ltr'>onerum</span> <span class='ocrx_word' id='word_1_132' title='bbox 1127 1597 1142 1644; x_wconf 80' lang='lat'><strong>7</strong></span> 
     </span>
     <span class='ocr_line' id='line_1_17' title="bbox 93 1670 1107 1749; baseline -0.001 -20"><span class='ocrx_word' id='word_1_133' title='bbox 93 1689 165 1729; x_wconf 88' lang='lat' dir='ltr'>vero</span> <span class='ocrx_word' id='word_1_134' title='bbox 194 1670 323 1728; x_wconf 91' lang='lat' dir='ltr'>maxima</span> <span class='ocrx_word' id='word_1_135' title='bbox 350 1671 481 1746; x_wconf 88' lang='lat' dir='ltr'>pondera</span> <span class='ocrx_word' id='word_1_136' title='bbox 505 1691 571 1728; x_wconf 93' lang='lat' dir='ltr'>cum</span> <span class='ocrx_word' id='word_1_137' title='bbox 593 1672 730 1729; x_wconf 86' lang='lat' dir='ltr'>feruntur</span> <span class='ocrx_word' id='word_1_138' title='bbox 752 1690 770 1728; x_wconf 87' lang='lat' dir='ltr'>a</span> <span class='ocrx_word' id='word_1_139' title='bbox 793 1671 996 1749; x_wconf 88' lang='lat' dir='ltr'>phalangariis</span> <span class='ocrx_word' id='word_1_140' title='bbox 1019 1672 1107 1729; x_wconf 88' lang='lat' dir='ltr'>hexa-</span> 
     </span>
     <span class='ocr_line' id='line_1_18' title="bbox 92 1759 1107 1836; baseline -0.001 -18"><span class='ocrx_word' id='word_1_141' title='bbox 92 1759 197 1836; x_wconf 89' lang='lat' dir='ltr'>phoris</span> <span class='ocrx_word' id='word_1_142' title='bbox 220 1762 250 1817; x_wconf 90' lang='lat' dir='ltr'>et</span> <span class='ocrx_word' id='word_1_143' title='bbox 272 1759 464 1834; x_wconf 88' lang='lat' dir='ltr'>tetraphoris,</span> <span class='ocrx_word' id='word_1_144' title='bbox 494 1760 700 1818; x_wconf 87' lang='lat' dir='ltr'>examinantur</span> <span class='ocrx_word' id='word_1_145' title='bbox 722 1779 775 1835; x_wconf 89' lang='lat' dir='ltr'>per</span> <span class='ocrx_word' id='word_1_146' title='bbox 796 1760 863 1834; x_wconf 89' lang='lat' dir='ltr'>ipsa</span> <span class='ocrx_word' id='word_1_147' title='bbox 886 1760 984 1818; x_wconf 88' lang='lat' dir='ltr'>media</span> <span class='ocrx_word' id='word_1_148' title='bbox 1007 1762 1107 1818; x_wconf 90' lang='lat' dir='ltr'>centra</span> 
     </span>
     <span class='ocr_line' id='line_1_19' title="bbox 93 1847 1107 1924; baseline 0 -19"><span class='ocrx_word' id='word_1_149' title='bbox 93 1847 327 1924; x_wconf 88' lang='lat' dir='ltr'>phalangarum,</span> <span class='ocrx_word' id='word_1_150' title='bbox 354 1849 399 1905; x_wconf 90' lang='lat' dir='ltr'>uti</span> <span class='ocrx_word' id='word_1_151' title='bbox 423 1849 517 1906; x_wconf 87' lang='lat' dir='ltr'>diviso</span> <span class='ocrx_word' id='word_1_152' title='bbox 541 1849 637 1906; x_wconf 89' lang='lat' dir='ltr'>oneris</span> <span class='ocrx_word' id='word_1_153' title='bbox 661 1849 755 1907; x_wconf 91' lang='lat' dir='ltr'>solido</span> <span class='ocrx_word' id='word_1_154' title='bbox 779 1848 907 1924; x_wconf 89' lang='lat' dir='ltr'>pondere</span> <span class='ocrx_word' id='word_1_155' title='bbox 931 1852 1012 1907; x_wconf 89' lang='lat' dir='ltr'>certa</span> <span class='ocrx_word' id='word_1_156' title='bbox 1036 1867 1107 1923; x_wconf 87' lang='lat' dir='ltr'>qua-</span> 
     </span>
     <span class='ocr_line' id='line_1_20' title="bbox 47 1931 1108 2014; baseline -0.004 -16"><span class='ocrx_word' id='word_1_157' title='bbox 47 1936 169 1999; x_wconf 69' lang='lat' dir='ltr'>baldam</span> <span class='ocrx_word' id='word_1_158' title='bbox 191 1936 345 1995; x_wconf 81' lang='lat' dir='ltr'>divisionis</span> <span class='ocrx_word' id='word_1_159' title='bbox 367 1937 482 1995; x_wconf 91' lang='lat' dir='ltr'>ratione</span> <span class='ocrx_word' id='word_1_160' title='bbox 506 1955 617 2011; x_wconf 88' lang='lat' dir='ltr'>aequas</span> <span class='ocrx_word' id='word_1_161' title='bbox 638 1931 641 2014; x_wconf 88' lang='grc' dir='ltr'>Ι</span> <span class='ocrx_word' id='word_1_162' title='bbox 661 1941 762 2011; x_wconf 88' lang='lat' dir='ltr'>partes</span> <span class='ocrx_word' id='word_1_163' title='bbox 780 1937 864 1995; x_wconf 91' lang='lat' dir='ltr'>collis</span> <span class='ocrx_word' id='word_1_164' title='bbox 883 1937 993 2014; x_wconf 88' lang='lat' dir='ltr'>singuli</span> <span class='ocrx_word' id='word_1_165' title='bbox 1010 1939 1108 1995; x_wconf 85' lang='lat' dir='ltr'>ferant</span> 
     </span>
     <span class='ocr_line' id='line_1_21' title="bbox 56 2025 1108 2102; baseline -0.003 -17"><span class='ocrx_word' id='word_1_166' title='bbox 56 2026 235 2101; x_wconf 75' lang='lat' dir='ltr'>cooperarii.</span> <span class='ocrx_word' id='word_1_167' title='bbox 280 2026 395 2083; x_wconf 89' lang='lat' dir='ltr'>mediae</span> <span class='ocrx_word' id='word_1_168' title='bbox 427 2025 506 2083; x_wconf 90' lang='lat' dir='ltr'>enim</span> <span class='ocrx_word' id='word_1_169' title='bbox 536 2029 635 2100; x_wconf 88' lang='lat' dir='ltr'>partes</span> <span class='ocrx_word' id='word_1_170' title='bbox 663 2025 880 2102; x_wconf 87' lang='lat' dir='ltr'>phalangarum</span> <span class='ocrx_word' id='word_1_171' title='bbox 909 2026 1015 2100; x_wconf 92' lang='lat' dir='ltr'>quibus</span> <span class='ocrx_word' id='word_1_172' title='bbox 1043 2026 1108 2082; x_wconf 90' lang='lat' dir='ltr'>lora</span> 
     </span>
     <span class='ocr_line' id='line_1_22' title="bbox 95 2113 1108 2189; baseline -0.003 -16"><span class='ocrx_word' id='word_1_173' title='bbox 95 2114 338 2189; x_wconf 86' lang='lat' dir='ltr'>tetraphororum</span> <span class='ocrx_word' id='word_1_174' title='bbox 359 2114 540 2172; x_wconf 89' lang='lat' dir='ltr'>invehuntur</span> <span class='ocrx_word' id='word_1_175' title='bbox 563 2113 655 2171; x_wconf 88' lang='lat' dir='ltr'>clavis</span> <span class='ocrx_word' id='word_1_176' title='bbox 678 2117 747 2172; x_wconf 90' lang='lat' dir='ltr'>sunt</span> <span class='ocrx_word' id='word_1_177' title='bbox 769 2113 885 2188; x_wconf 88' lang='lat' dir='ltr'>finitae,</span> <span class='ocrx_word' id='word_1_178' title='bbox 908 2133 945 2172; x_wconf 89' lang='lat' dir='ltr'>ne</span> <span class='ocrx_word' id='word_1_179' title='bbox 968 2114 1108 2170; x_wconf 89' lang='lat' dir='ltr'>labantur</span> 
     </span>
     <span class='ocr_line' id='line_1_23' title="bbox 47 2196 1107 2280; baseline -0.002 -20"><span class='ocrx_word' id='word_1_180' title='bbox 47 2203 126 2267; x_wconf 64' lang='lat' dir='ltr'>asin</span> <span class='ocrx_word' id='word_1_181' title='bbox 153 2221 245 2260; x_wconf 89' lang='lat' dir='ltr'>unam</span> <span class='ocrx_word' id='word_1_182' title='bbox 271 2205 395 2276; x_wconf 88' lang='lat' dir='ltr'>partem.</span> <span class='ocrx_word' id='word_1_183' title='bbox 442 2222 508 2260; x_wconf 92' lang='lat' dir='ltr'>cum</span> <span class='ocrx_word' id='word_1_184' title='bbox 534 2203 612 2260; x_wconf 92' lang='lat' dir='ltr'>enim</span> <span class='ocrx_word' id='word_1_185' title='bbox 636 2205 718 2260; x_wconf 89' lang='lat' dir='ltr'>extra</span> <span class='ocrx_word' id='word_1_186' title='bbox 739 2196 742 2280; x_wconf 68' lang='lat' dir='ltr'>l</span> <span class='ocrx_word' id='word_1_187' title='bbox 763 2202 852 2260; x_wconf 89' lang='lat' dir='ltr'>finem</span> <span class='ocrx_word' id='word_1_188' title='bbox 875 2202 968 2260; x_wconf 88' lang='lat' dir='ltr'>centri</span> <span class='ocrx_word' id='word_1_189' title='bbox 991 2220 1107 2276; x_wconf 93' lang='lat' dir='ltr'>promo-</span> 
     </span>
     <span class='ocr_line' id='line_1_24' title="bbox 94 2288 1107 2366; baseline -0.004 -16"><span class='ocrx_word' id='word_1_190' title='bbox 94 2293 212 2364; x_wconf 84' lang='lat' dir='ltr'>ventur,</span> <span class='ocrx_word' id='word_1_191' title='bbox 234 2294 372 2366; x_wconf 87' lang='lat' dir='ltr'>premunt</span> <span class='ocrx_word' id='word_1_192' title='bbox 395 2311 462 2349; x_wconf 93' lang='lat' dir='ltr'>eum</span> <span class='ocrx_word' id='word_1_193' title='bbox 484 2291 582 2348; x_wconf 94' lang='lat' dir='ltr'>locum</span> <span class='ocrx_word' id='word_1_194' title='bbox 606 2291 643 2348; x_wconf 92' lang='lat' dir='ltr'>ad</span> <span class='ocrx_word' id='word_1_195' title='bbox 667 2310 755 2366; x_wconf 91' lang='lat' dir='ltr'>quem</span> <span class='ocrx_word' id='word_1_196' title='bbox 773 2288 894 2365; x_wconf 91' lang='lat' dir='ltr'>propius</span> <span class='ocrx_word' id='word_1_197' title='bbox 914 2292 1107 2363; x_wconf 88' lang='lat' dir='ltr'>accesserunt,</span> 
     </span>
     <span class='ocr_line' id='line_1_25' title="bbox 95 2377 1108 2456; baseline -0.003 -19"><span class='ocrx_word' id='word_1_198' title='bbox 95 2379 346 2456; x_wconf 89' lang='lat' dir='ltr'>quemadmodum</span> <span class='ocrx_word' id='word_1_199' title='bbox 364 2381 395 2436; x_wconf 94' lang='lat' dir='ltr'>in</span> <span class='ocrx_word' id='word_1_200' title='bbox 414 2382 526 2438; x_wconf 89' lang='lat' dir='ltr'>statera</span> <span class='ocrx_word' id='word_1_201' title='bbox 544 2379 668 2454; x_wconf 91' lang='lat' dir='ltr'>pondus,</span> <span class='ocrx_word' id='word_1_202' title='bbox 687 2399 754 2437; x_wconf 91' lang='lat' dir='ltr'>cum</span> <span class='ocrx_word' id='word_1_203' title='bbox 773 2379 905 2437; x_wconf 87' lang='lat' dir='ltr'>examine</span> <span class='ocrx_word' id='word_1_204' title='bbox 919 2377 1108 2455; x_wconf 90' lang='lat' dir='ltr'>progreditur</span> 
     </span>
     <span class='ocr_line' id='line_1_26' title="bbox 56 2467 1142 2543; baseline -0.005 -15"><span class='ocrx_word' id='word_1_205' title='bbox 56 2489 81 2530; x_wconf 76' lang='lat'>25</span> <span class='ocrx_word' id='word_1_206' title='bbox 96 2468 135 2526; x_wconf 90' lang='lat' dir='ltr'>ad</span> <span class='ocrx_word' id='word_1_207' title='bbox 153 2467 226 2527; x_wconf 89' lang='lat' dir='ltr'>fines</span> <span class='ocrx_word' id='word_1_208' title='bbox 244 2468 498 2543; x_wconf 88' lang='lat' dir='ltr'>ponderationum.</span> <span class='ocrx_word' id='word_1_209' title='bbox 532 2468 634 2526; x_wconf 89' lang='lat' dir='ltr'>eadem</span> <span class='ocrx_word' id='word_1_210' title='bbox 652 2469 767 2526; x_wconf 87' lang='lat' dir='ltr'>ratione</span> <span class='ocrx_word' id='word_1_211' title='bbox 785 2468 928 2543; x_wconf 91' lang='lat' dir='ltr'>iumenta,</span> <span class='ocrx_word' id='word_1_212' title='bbox 952 2488 1018 2525; x_wconf 90' lang='lat' dir='ltr'>cum</span> <span class='ocrx_word' id='word_1_213' title='bbox 1035 2468 1106 2542; x_wconf 92' lang='lat' dir='ltr'>iuga</span> <span class='ocrx_word' id='word_1_214' title='bbox 1126 2484 1142 2532; x_wconf 82' lang='lat'>8</span> 
     </span>
     <span class='ocr_line' id='line_1_27' title="bbox 55 2549 1107 2637; baseline -0.008 -17"><span class='ocrx_word' id='word_1_215' title='bbox 55 2567 85 2619; x_wconf 79' lang='lat'>(⁶)</span> <span class='ocrx_word' id='word_1_216' title='bbox 96 2576 200 2616; x_wconf 92' lang='lat' dir='ltr'>eorum</span> <span class='ocrx_word' id='word_1_217' title='bbox 222 2556 367 2634; x_wconf 88' lang='lat' dir='ltr'>subiugiis</span> <span class='ocrx_word' id='word_1_218' title='bbox 386 2557 458 2615; x_wconf 91' lang='lat' dir='ltr'>loris</span> <span class='ocrx_word' id='word_1_219' title='bbox 476 2577 530 2632; x_wconf 90' lang='lat' dir='ltr'>per</span> <span class='ocrx_word' id='word_1_220' title='bbox 548 2557 679 2614; x_wconf 91' lang='lat' dir='ltr'>medium</span> <span class='ocrx_word' id='word_1_221' title='bbox 697 2549 918 2637; x_wconf 67' lang='lat' dir='ltr'>temperantur,</span> <span class='ocrx_word' id='word_1_222' title='bbox 941 2556 1107 2631; x_wconf 89' lang='lat' dir='ltr'>aequaliter</span> 
     </span>
     <span class='ocr_line' id='line_1_28' title="bbox 95 2645 1107 2720; baseline -0.001 -16"><span class='ocrx_word' id='word_1_223' title='bbox 95 2645 221 2704; x_wconf 86' lang='lat' dir='ltr'>trahunt</span> <span class='ocrx_word' id='word_1_224' title='bbox 248 2664 345 2704; x_wconf 90' lang='lat' dir='ltr'>onera.</span> <span class='ocrx_word' id='word_1_225' title='bbox 392 2665 459 2704; x_wconf 94' lang='lat' dir='ltr'>cum</span> <span class='ocrx_word' id='word_1_226' title='bbox 487 2649 587 2704; x_wconf 91' lang='lat' dir='ltr'>autem</span> <span class='ocrx_word' id='word_1_227' title='bbox 613 2646 731 2720; x_wconf 88' lang='lat' dir='ltr'>inpares</span> <span class='ocrx_word' id='word_1_228' title='bbox 759 2649 828 2704; x_wconf 91' lang='lat' dir='ltr'>sunt</span> <span class='ocrx_word' id='word_1_229' title='bbox 857 2664 959 2703; x_wconf 88' lang='lat' dir='ltr'>eorum</span> <span class='ocrx_word' id='word_1_230' title='bbox 981 2646 1107 2703; x_wconf 85' lang='lat' dir='ltr'>virtutes</span> 
     </span>
     <span class='ocr_line' id='line_1_29' title="bbox 96 2733 1108 2809; baseline -0.004 -16"><span class='ocrx_word' id='word_1_231' title='bbox 96 2737 127 2793; x_wconf 86' lang='lat' dir='ltr'>et</span> <span class='ocrx_word' id='word_1_232' title='bbox 154 2754 247 2792; x_wconf 92' lang='lat' dir='ltr'>unum</span> <span class='ocrx_word' id='word_1_233' title='bbox 273 2734 340 2808; x_wconf 91' lang='lat' dir='ltr'>plus</span> <span class='ocrx_word' id='word_1_234' title='bbox 368 2734 493 2792; x_wconf 89' lang='lat' dir='ltr'>valendo</span> <span class='ocrx_word' id='word_1_235' title='bbox 521 2734 631 2809; x_wconf 88' lang='lat' dir='ltr'>premit</span> <span class='ocrx_word' id='word_1_236' title='bbox 658 2736 798 2808; x_wconf 88' lang='lat' dir='ltr'>alterum,</span> <span class='ocrx_word' id='word_1_237' title='bbox 830 2735 893 2792; x_wconf 91' lang='lat' dir='ltr'>loro</span> <span class='ocrx_word' id='word_1_238' title='bbox 921 2734 1045 2792; x_wconf 86' lang='lat' dir='ltr'>traiecto</span> <span class='ocrx_word' id='word_1_239' title='bbox 1073 2733 1108 2790; x_wconf 91' lang='lat' dir='ltr'>fit</span> 
     </span>
     <span class='ocr_line' id='line_1_30' title="bbox 95 2823 1107 2899; baseline -0.002 -19"><span class='ocrx_word' id='word_1_240' title='bbox 95 2841 156 2880; x_wconf 90' lang='lat' dir='ltr'>una</span> <span class='ocrx_word' id='word_1_241' title='bbox 180 2841 249 2897; x_wconf 89' lang='lat' dir='ltr'>pars</span> <span class='ocrx_word' id='word_1_242' title='bbox 268 2823 331 2899; x_wconf 88' lang='lat' dir='ltr'>iugi</span> <span class='ocrx_word' id='word_1_243' title='bbox 349 2823 474 2899; x_wconf 88' lang='lat' dir='ltr'>longior,</span> <span class='ocrx_word' id='word_1_244' title='bbox 498 2842 573 2898; x_wconf 88' lang='lat' dir='ltr'>quae</span> <span class='ocrx_word' id='word_1_245' title='bbox 592 2823 768 2881; x_wconf 88' lang='lat' dir='ltr'>inbecilliori</span> <span class='ocrx_word' id='word_1_246' title='bbox 787 2823 948 2882; x_wconf 87' lang='lat' dir='ltr'>auxiliatur</span> <span class='ocrx_word' id='word_1_247' title='bbox 966 2823 1107 2880; x_wconf 87' lang='lat' dir='ltr'>iumento.</span> 
     </span>
    </p>
   </div>
   <div class='ocr_carea' id='block_1_3' title="bbox 95 3024 1110 3454">
    <p class='ocr_par' dir='ltr' id='par_1_3' title="bbox 95 3024 1110 3454">
     <span class='ocr_line' id='line_1_31' title="bbox 168 3024 1107 3096; baseline -0.001 -16"><span class='ocrx_word' id='word_1_248' title='bbox 168 3028 254 3082; x_wconf 85' lang='lat' dir='ltr'>4ab:</span> <span class='ocrx_word' id='word_1_249' title='bbox 273 3027 297 3080; x_wconf 75' lang='lat' dir='ltr'>b</span> <span class='ocrx_word' id='word_1_250' title='bbox 315 3028 404 3096; x_wconf 82' lang='lat' dir='ltr'>(ctG)</span> <span class='ocrx_word' id='word_1_251' title='bbox 424 3027 460 3080; x_wconf 90' lang='lat' dir='ltr'>ab</span> <span class='ocrx_word' id='word_1_252' title='bbox 478 3045 505 3081; x_wconf 77' lang='lat' dir='ltr'>a.</span> <span class='ocrx_word' id='word_1_253' title='bbox 523 3027 574 3092; x_wconf 83' lang='lat' dir='ltr'>lin</span> <span class='ocrx_word' id='word_1_254' title='bbox 592 3043 621 3080; x_wconf 92' lang='lat' dir='ltr'>se</span> <span class='ocrx_word' id='word_1_255' title='bbox 640 3027 800 3080; x_wconf 73' lang='lat' dir='ltr'>velamenti</span> <span class='ocrx_word' id='word_1_256' title='bbox 818 3045 845 3081; x_wconf 77' lang='lat' dir='ltr'>a.</span> <span class='ocrx_word' id='word_1_257' title='bbox 864 3029 874 3087; x_wconf 88' lang='lat' dir='ltr'>l</span> <span class='ocrx_word' id='word_1_258' title='bbox 893 3033 926 3080; x_wconf 76' lang='lat'>12</span> <span class='ocrx_word' id='word_1_259' title='bbox 946 3024 1068 3094; x_wconf 86' lang='lat' dir='ltr'>strophis</span> <span class='ocrx_word' id='word_1_260' title='bbox 1087 3043 1107 3079; x_wconf 84' lang='lat' dir='ltr'><strong><em>x</em></strong></span> 
     </span>
     <span class='ocr_line' id='line_1_32' title="bbox 95 3095 1110 3179; baseline -0.003 -26"><span class='ocrx_word' id='word_1_261' title='bbox 95 3097 232 3169; x_wconf 86' lang='lat' dir='ltr'>(struppis</span> <span class='ocrx_word' id='word_1_262' title='bbox 253 3099 307 3167; x_wconf 68' lang='lat'>6⁶).</span> <span class='ocrx_word' id='word_1_263' title='bbox 339 3099 348 3167; x_wconf 87' lang='grc'>11</span> <span class='ocrx_word' id='word_1_264' title='bbox 381 3102 415 3150; x_wconf 83' lang='grc'>14</span> <span class='ocrx_word' id='word_1_265' title='bbox 438 3097 552 3166; x_wconf 89' lang='lat' dir='ltr'>palmis:</span> <span class='ocrx_word' id='word_1_266' title='bbox 580 3097 686 3167; x_wconf 89' lang='lat' dir='ltr'>parmis</span> <span class='ocrx_word' id='word_1_267' title='bbox 705 3115 731 3152; x_wconf 75' lang='lat' dir='ltr'>rc.</span> <span class='ocrx_word' id='word_1_268' title='bbox 760 3097 766 3179; x_wconf 75' lang='lat' dir='ltr'>J</span> <span class='ocrx_word' id='word_1_269' title='bbox 796 3105 896 3166; x_wconf 78' lang='lat' dir='ltr'>spuma</span> <span class='ocrx_word' id='word_1_270' title='bbox 922 3097 1035 3166; x_wconf 88' lang='lat' dir='ltr'>inpulsu</span> <span class='ocrx_word' id='word_1_271' title='bbox 1053 3114 1081 3150; x_wconf 73' lang='lat' dir='ltr'>rc.</span> <span class='ocrx_word' id='word_1_272' title='bbox 1099 3095 1110 3168; x_wconf 69' lang='lat' dir='ltr'>ll</span> 
     </span>
     <span class='ocr_line' id='line_1_33' title="bbox 96 3167 1108 3238; baseline -0.003 -14"><span class='ocrx_word' id='word_1_273' title='bbox 96 3177 132 3225; x_wconf 86' lang='grc'>16</span> <span class='ocrx_word' id='word_1_274' title='bbox 151 3168 301 3238; x_wconf 85' lang='lat' dir='ltr'>exaphoris</span> <span class='ocrx_word' id='word_1_275' title='bbox 319 3167 383 3237; x_wconf 58' lang='lat' dir='ltr'>duct</span> <span class='ocrx_word' id='word_1_276' title='bbox 398 3168 560 3237; x_wconf 86' lang='lat' dir='ltr'>G)raphoris</span> <span class='ocrx_word' id='word_1_277' title='bbox 578 3186 606 3223; x_wconf 80' lang='lat' dir='ltr'>c.</span> <span class='ocrx_word' id='word_1_278' title='bbox 621 3171 630 3238; x_wconf 76' lang='grc' dir='ltr'>Ιι</span> <span class='ocrx_word' id='word_1_279' title='bbox 645 3174 678 3222; x_wconf 86' lang='grc'>18</span> <span class='ocrx_word' id='word_1_280' title='bbox 696 3168 739 3221; x_wconf 88' lang='lat' dir='ltr'>uti</span> <span class='ocrx_word' id='word_1_281' title='bbox 757 3168 879 3222; x_wconf 83' lang='lat' dir='ltr'>mdiviso</span> <span class='ocrx_word' id='word_1_282' title='bbox 895 3187 923 3223; x_wconf 77' lang='lat' dir='ltr'>a.</span> <span class='ocrx_word' id='word_1_283' title='bbox 938 3171 947 3236; x_wconf 83' lang='grc' dir='ltr'>ΙΙ</span> <span class='ocrx_word' id='word_1_284' title='bbox 962 3173 994 3220; x_wconf 83' lang='grc'>19</span> <span class='ocrx_word' id='word_1_285' title='bbox 1012 3168 1108 3236; x_wconf 88' lang='lat' dir='ltr'>partes</span> 
     </span>
     <span class='ocr_line' id='line_1_34' title="bbox 97 3238 1108 3310; baseline -0.006 -12"><span class='ocrx_word' id='word_1_286' title='bbox 97 3242 138 3298; x_wconf 73' lang='lat' dir='ltr'>Gr</span> <span class='ocrx_word' id='word_1_287' title='bbox 157 3240 207 3294; x_wconf 91' lang='lat' dir='ltr'>·tis</span> <span class='ocrx_word' id='word_1_288' title='bbox 221 3241 284 3305; x_wconf 86' lang='lat' dir='ltr'>HS.</span> <span class='ocrx_word' id='word_1_289' title='bbox 299 3242 309 3309; x_wconf 81' lang='grc' dir='ltr'>ΙΙ</span> <span class='ocrx_word' id='word_1_290' title='bbox 324 3245 357 3293; x_wconf 80' lang='lat'>20</span> <span class='ocrx_word' id='word_1_291' title='bbox 375 3239 485 3293; x_wconf 90' lang='lat' dir='ltr'>mediae</span> <span class='ocrx_word' id='word_1_292' title='bbox 505 3239 579 3293; x_wconf 93' lang='lat' dir='ltr'>enim</span> <span class='ocrx_word' id='word_1_293' title='bbox 595 3240 644 3294; x_wconf 66' lang='lat' dir='ltr'>Ge,</span> <span class='ocrx_word' id='word_1_294' title='bbox 663 3239 757 3293; x_wconf 90' lang='lat' dir='ltr'>media</span> <span class='ocrx_word' id='word_1_295' title='bbox 776 3239 851 3293; x_wconf 87' lang='lat' dir='ltr'>enim</span> <span class='ocrx_word' id='word_1_296' title='bbox 869 3258 896 3294; x_wconf 74' lang='lat' dir='ltr'>rc.</span> <span class='ocrx_word' id='word_1_297' title='bbox 914 3240 917 3310; x_wconf 69' lang='lat' dir='ltr'>l</span> <span class='ocrx_word' id='word_1_298' title='bbox 934 3238 1108 3310; x_wconf 39' lang='lat' dir='ltr'>loratgetga·</span> 
     </span>
     <span class='ocr_line' id='line_1_35' title="bbox 96 3310 1108 3382; baseline 0.001 -17"><span class='ocrx_word' id='word_1_299' title='bbox 96 3312 220 3382; x_wconf 79' lang='lat' dir='ltr'>phorcrfi</span> <span class='ocrx_word' id='word_1_300' title='bbox 236 3312 273 3365; x_wconf 74' lang='lat'>6⁶</span> <span class='ocrx_word' id='word_1_301' title='bbox 287 3314 331 3379; x_wconf 90' lang='lat'>(=</span> <span class='ocrx_word' id='word_1_302' title='bbox 346 3310 423 3380; x_wconf 82' lang='lat' dir='ltr'><em>HS).</em></span> <span class='ocrx_word' id='word_1_303' title='bbox 451 3313 460 3380; x_wconf 83' lang='grc'>11</span> <span class='ocrx_word' id='word_1_304' title='bbox 488 3317 520 3363; x_wconf 80' lang='lat'>21</span> <span class='ocrx_word' id='word_1_305' title='bbox 540 3327 591 3364; x_wconf 89' lang='lat' dir='ltr'>nec</span> <span class='ocrx_word' id='word_1_306' title='bbox 609 3311 744 3364; x_wconf 89' lang='lat' dir='ltr'>labuntur</span> <span class='ocrx_word' id='word_1_307' title='bbox 761 3328 788 3364; x_wconf 79' lang='lat' dir='ltr'>x.</span> <span class='ocrx_word' id='word_1_308' title='bbox 816 3313 825 3379; x_wconf 74' lang='grc'>11</span> <span class='ocrx_word' id='word_1_309' title='bbox 853 3315 886 3362; x_wconf 78' lang='lat'>23</span> <span class='ocrx_word' id='word_1_310' title='bbox 905 3310 1019 3378; x_wconf 91' lang='lat' dir='ltr'>propius</span> <span class='ocrx_word' id='word_1_311' title='bbox 1035 3311 1108 3366; x_wconf 69' lang='lat' dir='ltr'>(pse,</span> 
     </span>
     <span class='ocr_line' id='line_1_36' title="bbox 96 3380 1108 3454; baseline -0.002 -18"><span class='ocrx_word' id='word_1_312' title='bbox 96 3381 226 3454; x_wconf 88' lang='lat' dir='ltr'>proprius</span> <span class='ocrx_word' id='word_1_313' title='bbox 241 3381 305 3436; x_wconf 83' lang='lat' dir='ltr'>HS.</span> <span class='ocrx_word' id='word_1_314' title='bbox 327 3383 336 3450; x_wconf 71' lang='lat' dir='ltr'>ll</span> <span class='ocrx_word' id='word_1_315' title='bbox 358 3387 391 3435; x_wconf 80' lang='lat'>26</span> <span class='ocrx_word' id='word_1_316' title='bbox 410 3381 603 3449; x_wconf 87' lang='lat' dir='ltr'>subiugicrum</span> <span class='ocrx_word' id='word_1_317' title='bbox 621 3380 639 3435; x_wconf 93' lang='lat' dir='ltr'>l.</span> <span class='ocrx_word' id='word_1_318' title='bbox 659 3399 679 3436; x_wconf 80' lang='lat' dir='ltr'>ar</span> <span class='ocrx_word' id='word_1_319' title='bbox 697 3383 742 3451; x_wconf 78' lang='lat' dir='ltr'>(cs.</span> <span class='ocrx_word' id='word_1_320' title='bbox 759 3383 825 3436; x_wconf 80' lang='lat' dir='ltr'>Octo</span> <span class='ocrx_word' id='word_1_321' title='bbox 840 3383 965 3449; x_wconf 83' lang='grc'>63.135).</span> <span class='ocrx_word' id='word_1_322' title='bbox 984 3384 994 3450; x_wconf 69' lang='grc' dir='ltr'>ΙΙ</span> <span class='ocrx_word' id='word_1_323' title='bbox 1012 3386 1045 3434; x_wconf 80' lang='lat'>29</span> <span class='ocrx_word' id='word_1_324' title='bbox 1066 3381 1108 3434; x_wconf 89' lang='lat' dir='ltr'>in-</span> 
     </span>
    </p>
   </div>
   <div class='ocr_carea' id='block_1_4' title="bbox 96 3456 1108 3596">
    <p class='ocr_par' dir='ltr' id='par_1_4' title="bbox 96 3456 1108 3596">
     <span class='ocr_line' id='line_1_37' title="bbox 96 3456 1108 3596; baseline -0.001 -71"><span class='ocrx_word' id='word_1_325' title='bbox 96 3469 261 3596; x_wconf 46' lang='lat' dir='ltr'>ateeiupgp</span> <span class='ocrx_word' id='word_1_326' title='bbox 277 3469 342 3536; x_wconf 66' lang='lat' dir='ltr'>(ari</span> <span class='ocrx_word' id='word_1_327' title='bbox 359 3470 395 3524; x_wconf 68' lang='lat' dir='ltr'>cc</span> <span class='ocrx_word' id='word_1_328' title='bbox 409 3497 442 3516; x_wconf 90' lang='lat'>=</span> <span class='ocrx_word' id='word_1_329' title='bbox 456 3471 555 3540; x_wconf 68' lang='lat' dir='ltr'>raze).</span> <span class='ocrx_word' id='word_1_330' title='bbox 576 3472 580 3539; x_wconf 77' lang='grc' dir='ltr'>ι</span> <span class='ocrx_word' id='word_1_331' title='bbox 601 3456 734 3523; x_wconf 69' lang='lat' dir='ltr'>auxiliael</span> <span class='ocrx_word' id='word_1_332' title='bbox 748 3470 863 3540; x_wconf 60' lang='lat' dir='ltr'>netu</span> <span class='ocrx_word' id='word_1_333' title='bbox 875 3470 981 3538; x_wconf 71' lang='lat' dir='ltr'>urar,</span> <span class='ocrx_word' id='word_1_334' title='bbox 999 3470 1052 3524; x_wconf 76' lang='lat' dir='ltr'>-tor</span> <span class='ocrx_word' id='word_1_335' title='bbox 1068 3472 1108 3538; x_wconf 70' lang='lat' dir='ltr'>eu,</span> 
     </span>
     <span class='ocr_line' id='line_1_38' title="bbox 97 3559 248 3595; baseline -0.007 0"><span class='ocrx_word' id='word_1_336' title='bbox 97 3575 107 3583; x_wconf 94' lang='lat'>·</span> <span class='ocrx_word' id='word_1_337' title='bbox 122 3559 157 3595; x_wconf 85' lang='lat' dir='ltr'>ur</span> <span class='ocrx_word' id='word_1_338' title='bbox 242 3583 248 3594; x_wconf 94' lang='lat'><strong>.</strong></span> 
     </span>
    </p>
   </div>
   <div class='ocr_carea' id='block_1_5' title="bbox 0 0 1212 3922">
    <p class='ocr_par' dir='ltr' id='par_1_5' title="bbox 0 0 1212 3922">
     <span class='ocr_line' id='line_1_39' title="bbox 0 0 1212 3922; baseline 0 0"><span class='ocrx_word' id='word_1_339' title='bbox 0 0 1212 3922; x_wconf 95' lang='lat' dir='ltr'> </span> 
     </span>
    </p>
   </div>
  </div>
 </body>
</html>
