2416 3922
349 154 397 208 DE
416 151 695 208 ARCHITECTURA
712 152 778 208 LIB.
798 153 819 222 Ι,
839 159 854 207 6
1064 152 1108 217 25

96 303 279 364 meridianae
302 303 424 364 umbrae
447 303 720 380 postmeridianam,
743 302 889 380 signanda
911 306 1030 378 puncto.
1073 319 1143 369 exv

96 394 144 452 his
167 393 281 452 duobus
304 393 397 471 signis
421 393 529 452 circino
553 392 731 451 decussatim
749 390 980 465 describendum,
1004 395 1034 450 et
1055 413 1109 468 per

59 482 334 547 (edecussationem
361 485 392 540 et
412 477 415 560 1
436 482 566 540 medium
589 483 723 539 centrum
750 481 829 538 linea
856 480 1043 555 perducenda
1070 483 1109 540 ad

97 575 272 645 extremum,
294 573 331 629 ut
352 571 497 629 habeatur
514 570 679 628 meridiana
702 572 732 628 et
754 569 995 644 septentrionalis
1017 571 1107 647 regio.

72 662 165 722 stum
188 662 293 736 postea
316 659 459 718 sumenda
487 661 533 718 est
559 662 642 717 sexta
670 657 784 717 decima
810 676 879 733 pars
908 658 1108 718 circinationis

96 749 196 807 lineae
224 749 316 807 totius
343 746 575 821 rotundationis,
608 737 812 823 centrumque
833 747 1047 806 conlocandum
1077 747 1109 806 in

96 837 264 896 meridiana
290 837 370 895 linea
399 856 458 912 qua
484 837 584 914 tangit
610 836 845 910 circinationem,
874 838 904 894 et
930 835 1110 912 signandum

47 927 204 991 [iotdextra
228 944 262 984 ac
285 925 406 984 sinistra
424 926 456 982 in
475 925 666 984 circinatione
687 919 691 1002 1
712 927 742 982 et
759 924 925 982 meridiana
944 927 975 983 et
992 927 1109 1000 septen·
1173 928 1176 933 “

97 1013 223 1074 trionali
249 1016 343 1089 parte.
389 1017 460 1073 tune
488 1033 523 1072 ex
551 1014 644 1091 signis
666 1013 712 1072 his
737 1015 878 1088 quattuor
900 1032 954 1088 per
977 1015 1111 1072 centrum

56 1103 230 1165 remedium
253 1103 433 1162 decussatim
454 1103 551 1162 lineae
574 1103 612 1160 ab
636 1102 773 1160 extremis
797 1102 835 1160 ad
858 1103 1003 1160 extremas
1027 1102 1109 1161 circi·

97 1193 235 1251 nationes
253 1191 466 1268 perducendae.
498 1192 542 1250 ita
561 1190 657 1250 austri
675 1194 706 1249 et
723 1189 934 1267 septentrionis
951 1189 1112 1249 habebitur

99 1283 224 1339 octavae
247 1280 341 1356 partis
366 1279 539 1358 designatio.
585 1280 718 1355 reliquae
740 1281 840 1354 partes
865 1278 969 1336 dextra
991 1281 1051 1337 tres
1075 1298 1109 1337 ac

47 1383 88 1434 (15)
98 1369 222 1428 sinistra
235 1371 296 1427 tres
310 1368 448 1444 aequales
466 1369 513 1428 his
527 1367 748 1427 distribuendae
762 1369 832 1426 sunt
852 1363 856 1446 1
876 1367 908 1424 in
925 1369 991 1426 tota
1008 1369 1110 1426 rotun·

98 1457 235 1531 datione,
261 1460 296 1516 ut
324 1457 462 1532 aequales
486 1458 645 1516 divisiones
669 1459 736 1517 octo
759 1458 915 1516 ventorum
938 1455 1110 1532 designatae

56 1569 84 1609 15
98 1546 161 1605 sint
178 1545 211 1604 in
230 1545 434 1621 descriptione.
470 1548 536 1604 tum
553 1566 606 1622 per
624 1547 749 1623 angulos
768 1546 846 1603 inter
864 1543 937 1603 duas
955 1547 1111 1604 ventorum

97 1634 236 1712 regiones
268 1637 298 1692 et
326 1636 496 1710 platearum
528 1638 558 1693 et
590 1634 816 1712 angiportorum
842 1632 980 1694 videntur
1006 1633 1110 1692 debere

98 1723 192 1800 dirigi
219 1723 438 1799 descriptiones
488 1723 514 1782 is
542 1724 621 1782 enim
649 1722 815 1782 rationibus
845 1725 876 1782 et
904 1741 938 1780 ea
965 1722 1149 1786 divisiones

47 1827 88 1878 (so)
98 1812 219 1871 exclusa
242 1812 299 1870 erit
322 1832 357 1871 ex
379 1811 613 1871 habitationibus
637 1815 667 1870 et
683 1812 758 1872 vicis
780 1814 936 1871 ventorum
958 1810 1004 1870 vis
1025 1806 1028 1889 1
1048 1832 1110 1871 mo-

97 1901 186 1960 lesta.
236 1919 302 1958 cum
334 1901 412 1958 enim
443 1901 562 1976 plateae
594 1903 697 1961 contra
728 1901 855 1959 directos
886 1901 990 1958 ventos
1023 1903 1112 1958 erunt

59 2014 86 2053 so
100 1989 316 2066 conformatae,
351 2009 387 2048 ex
420 1993 523 2065 aperto
556 1990 631 2048 caeli
662 1990 760 2065 spatio
791 1989 921 2064 impetus
953 2007 988 2047 ac
1021 1988 1110 2047 flatus

98 2079 240 2153 frequens
267 2079 421 2138 conclusus
448 2078 480 2136 in
506 2077 642 2137 faucibus
666 2078 890 2156 angiportorum
912 2076 1110 2139 vehementio-

98 2166 185 2226 ribus
216 2166 329 2225 viribus
363 2167 583 2244 pervagabitur.
640 2185 715 2242 quas
747 2167 784 2225 ob
817 2185 864 2224 res
897 2167 1110 2225 convertendae

99 2257 173 2314 sunt
196 2255 233 2313 ab
256 2255 425 2332 regionibus
448 2259 605 2315 ventorum
628 2255 804 2314 directiones
827 2254 968 2328 vicorum,
991 2254 1037 2311 uti
1061 2255 1111 2311 ad-

47 2361 89 2410 (25)
98 2344 252 2402 venientes
266 2344 305 2402 ad
319 2344 443 2421 angulos
464 2338 468 2421 1
488 2344 653 2403 insularum
670 2344 848 2420 frangantur
864 2341 1035 2417 repulsique
1053 2341 1111 2400 dis·

59 2458 85 2499 25
100 2433 245 2508 sipentur.

167 2521 307 2580 Fortasse
338 2521 526 2579 mirabuntur
553 2521 563 2578 i
596 2520 649 2596 qui
680 2521 776 2578 multa
802 2521 959 2578 ventorum
990 2519 1148 2584 nominas

99 2612 261 2683 noverunt,
294 2609 373 2684 quod
401 2628 419 2667 a
445 2610 530 2668 nobis
558 2609 685 2685 expositi
711 2612 782 2667 sunt
807 2610 928 2667 tantum
955 2611 1021 2667 octo
1049 2627 1111 2668 esse

99 2698 191 2757 venti.
224 2698 249 2756 si
263 2700 365 2756 autem
383 2697 647 2757 animadverterint
666 2696 743 2756 orbis
762 2699 859 2756 terrae
878 2697 1112 2757 circumitionem

174 2868 252 2936 a(1o‚
269 2869 352 2921 ctiam
365 2870 465 2934 28,25.
480 2871 528 2934 29,
538 2869 584 2936 151
598 2866 753 2921 decusatim
768 2885 795 2922 a.
810 2869 819 2935 11
833 2871 849 2919 3
863 2866 1043 2920 decusatione
1056 2866 1115 2920 HS

100 2937 310 3007 (decussacione
328 2936 371 3007 G).
386 2939 425 3007 114
444 2937 677 3006 septentrionales
695 2938 787 3007 11115
806 2939 867 2990 tum
885 2938 952 2992 HS:
971 2939 1039 2990 tunc
1055 2937 1089 2990 G.
1102 2935 1113 3008 11

102 3015 117 3063 t
142 3006 304 3079 quadangit
326 3009 359 3061 Η
385 3011 450 3081 (quq
478 3011 498 3062 t.
524 3009 595 3080 ds).
623 3011 632 3078 11
660 3014 692 3062 12
722 3008 820 3063 dextra
848 3025 881 3062 ac
909 3005 1024 3061 sinistra
1054 3008 1111 3060 tres

102 3080 235 3149 aequales
254 3081 283 3133 et
300 3080 358 3132 tres
377 3077 421 3132 his
439 3096 467 3133 a.
491 3081 500 3148 11
524 3085 557 3132 16
578 3079 679 3133 debere
700 3080 738 3135 G:
763 3079 799 3132 -ri
818 3079 876 3134 HS
892 3079 934 3146 (cf,
957 3080 1083 3144 13123).
1103 3076 1113 3149 11

102 3157 135 3206 17
155 3151 193 3207 is:
211 3151 256 3205 his
270 3169 297 3206 a.
312 3153 316 3219 1
336 3154 369 3203 18
389 3148 538 3204 excluserit
551 3152 585 3205 H
601 3152 655 3219 (·sa
674 3149 728 3204 erit
742 3151 813 3219 GS).
831 3153 835 3219 1
851 3148 894 3202 vis
910 3148 1030 3203 molesta
1043 3148 1112 3203 HS:

101 3222 222 3278 molesta
240 3221 283 3277 vis
333 3222 418 3343 'tw
438 3221 564 3274 derectos
582 3239 609 3276 x.
627 3225 630 3291 1
646 3223 746 3274 ventus
765 3222 799 3275 H
802 3220 823 3275 S
840 3222 906 3297 (tos
928 3220 970 3287 G).
991 3220 1001 3287 11
1021 3221 1055 3270 23
1075 3217 1111 3272 ad

101 3298 163 3364 (pro
183 3295 230 3363 ab)
248 3290 357 3362 regioni
378 3308 410 3344 us
424 3291 459 3345 H
462 3292 488 3346 G
507 3293 535 3360 (a
552 3308 609 3362 reg.
626 3292 666 3361 S).
684 3292 688 3363 1
705 3290 878 3345 detectiones
893 3290 927 3344 H
929 3290 951 3344 S
967 3289 1113 3362 (11016111

102 3371 137 3419 26
150 3364 162 3418 i
176 3363 236 3434 (ei):
250 3364 280 3417 hi
292 3360 369 3431 di}
383 3363 429 3431 H)
442 3379 469 3416 a.
498 3363 532 3428 cf.
545 3381 573 3433 p.
590 3366 707 3430 117‚17.
726 3366 791 3430 217,
801 3367 826 3417 3.
845 3364 854 3432 11
873 3359 999 3414 caventi
1015 3359 1110 3429 G(S⁶):

101 3435 194 3491 ventis
213 3435 257 3502 Η,
280 3437 336 3488 -tos
355 3433 382 3489 S.
404 3435 408 3502 1
430 3432 681 3488 animadverterint
699 3433 766 3490 HS:
788 3429 961 3486 adverterint
980 3431 1013 3486 G.
1035 3430 1040 3503 1
1061 3430 1111 3484 eir-

101 3507 209 3576 cum(·i'1
223 3504 346 3576 S)itione
360 3503 395 3557 H
396 3503 427 3559 S:
446 3502 609 3558 circuitione
626 3504 658 3559 G.
