2416 3922
344 127 707 208 'nsancmrscroaa
724 153 791 208 ma
809 154 864 224 I,1
1095 155 1117 219 3

102 303 207 364 confisi
234 304 366 380 fuerant,
393 303 529 362 umbram
555 322 615 362 non
637 323 701 362 rem
722 304 869 379 persecuti
891 304 1039 365 videntur.
1084 309 1117 366 at
1149 318 1154 352 ἵ

103 393 158 469 qui
190 395 352 468 utrumque
386 393 620 469 perdidicerunt,
652 393 698 452 uti
730 392 864 452 omnibus
897 393 987 468 armis
1019 394 1117 454 ornati

101 482 191 542 citius
216 500 283 541 cum
305 482 483 541 auctoritate
503 483 583 557 quod
605 481 665 541 fuit
682 483 868 558 propositum
887 485 958 541 sunt
976 484 1117 543 adsecuti.

58 584 87 634 (s)
102 590 172 630 eum
190 571 223 628 in
242 571 378 630 omnibus
398 572 476 629 enim
494 570 590 644 rebus,
613 573 679 629 tum
695 562 699 652 Ι
714 571 842 630 maxime
862 571 953 630 etiam
971 572 1003 629 in
1022 573 1116 632 archiss
1134 590 1151 638 3

74 663 220 721 stectura
242 660 315 719 haec
338 659 397 718 duo
419 660 529 735 insunt,
553 660 633 735 quod
656 659 842 737 significatur
864 664 894 719 et
917 662 997 736 quod
1024 662 1116 738 signi-

100 749 180 808 ficat.
237 747 423 825 significatur
453 748 608 824 proposita
643 767 690 807 res
723 749 758 807 de
791 769 851 824 qua
884 749 1005 824 dicitur,
1039 750 1117 811 hanc

102 841 204 896 autem
232 837 381 913 significat
408 837 621 896 demonstratio
648 837 815 896 rationibus
843 837 1045 897 doctrinarum
1068 859 1118 898 ex-

101 927 223 1002 plicata.
278 945 370 1002 quare
402 927 520 986 videtur
550 929 679 1002 utraque
714 930 800 1002 parte
837 927 1015 986 exercitatus
1054 947 1118 988 esse

103 1015 209 1074 debere
233 1015 287 1090 qui
310 1034 341 1074 se
364 1016 560 1074 architectum
582 1015 766 1091 profiteatur.
807 1016 909 1090 itaque
933 1036 1001 1074 eum
1025 1017 1118 1077 etiam

61 1127 88 1166 ιο
105 1096 308 1185 Ιὶηςθηίοειιω
327 1106 444 1179 oportet
463 1122 529 1197 essg
543 1106 574 1162 et
591 1104 629 1162 ad
648 1104 836 1179 disciplinam
855 1104 987 1163 docilem.
1020 1125 1116 1181 neque

103 1193 183 1251 enim
205 1192 359 1270 ingenium
382 1193 445 1252 sine
468 1193 626 1268 disciplina
649 1195 704 1250 aut
726 1192 883 1268 disciplina
905 1193 968 1251 sine
996 1194 1116 1270 ingenio

101 1283 270 1359 perfectum
297 1282 441 1344 artificem
467 1284 568 1357 potest
596 1281 719 1339 efficere.
769 1285 800 1340 et
825 1285 862 1339 ut
887 1282 1039 1340 litteratus
1067 1283 1117 1360 sit,

101 1371 218 1447 peritus
241 1370 410 1448 graphidos,
434 1370 568 1428 eruditus
591 1370 764 1446 geometria,
786 1371 926 1429 historias
949 1372 1119 1445 complures.

101 1460 233 1535 noverit,
262 1459 453 1535 philosophos
482 1458 640 1536 diligenter
667 1458 808 1534 audierit,
836 1460 981 1518 musicam
1007 1460 1116 1536 scierit,

62 1569 88 1610 15
101 1548 267 1607 medicinae
288 1543 292 1627 Ι
311 1567 372 1606 non
395 1548 435 1606 sit
452 1548 583 1625 ignarus,
606 1567 748 1625 responsa
766 1549 1046 1608 iurisconsultorum
1064 1569 1116 1609 no-

101 1637 189 1712 verit,
214 1637 410 1714 astrologiam
432 1637 567 1712 caelique
590 1637 721 1695 rationes
745 1638 879 1714 cognitas
902 1637 1019 1696 habeat.

170 1725 254 1795 Quae
282 1744 334 1784 cur
361 1725 405 1784 ita
433 1726 493 1784 sint
519 1727 592 1784 haec
620 1729 689 1784 sunt
717 1745 832 1784 causae.
878 1726 995 1785 litteras
1019 1728 1150 1791 archi-4

102 1818 218 1874 tectum
231 1814 305 1874 scire
322 1817 449 1890 oportet,
466 1814 515 1872 uti
533 1815 752 1873 commentariis
766 1815 940 1873 memoriam
955 1815 1117 1875 firmiorem
1148 1845 1152 1871 ·.

104 1904 220 1963 efficere
247 1904 349 1979 possit.
401 1902 506 1961 deinde
533 1903 693 1980 graphidos
722 1904 877 1962 scientiam
904 1904 1026 1979 habere,
1057 1924 1118 1980 quo

62 2015 89 2054 ao
103 1993 222 2051 facilius
244 1987 247 2069 Ι
269 1991 486 2070 exemplaribus
518 1992 606 2067 pictis
639 2011 729 2067 quam
756 1993 830 2051 velit
863 1994 959 2068 operis
988 1994 1117 2068 speciem

53 2092 57 2099 '
103 2081 270 2140 deformare
288 2080 397 2139 valeat.
439 2081 602 2158 geometria
626 2084 725 2139 autem
748 2082 836 2157 plura
858 2082 1008 2156 praesidia
1030 2102 1115 2157 prae-

103 2173 165 2230 stat
188 2169 419 2242 architecturae,
446 2172 476 2228 et
503 2169 632 2244 primum
658 2189 693 2228 ea
716 2170 937 2246 euthygrammi
960 2174 990 2229 et
1014 2171 1117 2229 circini

102 2259 198 2318 tradit
220 2277 323 2333 usum,
346 2277 362 2316 e
386 2276 444 2333 quo
470 2259 597 2317 maxime
619 2258 737 2317 facilius
761 2257 961 2316 aedificiorum
983 2259 1015 2316 in
1039 2260 1115 2318 areis

104 2347 302 2424 expediuntur
326 2346 537 2423 descriptiones
561 2366 791 2422 normarumque
816 2349 846 2405 et
868 2346 1062 2405 librationum
1086 2352 1116 2406 et

67 2427 253 2496 4linearum
279 2428 473 2517 directioines.
522 2436 596 2494 item
622 2456 675 2512 per
703 2436 821 2511 opticen
847 2435 879 2492 in
909 2435 1049 2494 aedificiis
1078 2436 1116 2494 ab

63 2547 89 2587 ae
105 2526 193 2584 certis
216 2524 387 2602 regionibus
410 2525 487 2583 caeli
507 2525 622 2582 lumina
644 2527 724 2583 recte
748 2525 902 2582 ducuntur.
946 2544 1000 2600 per
1023 2524 1115 2582 arith-

102 2614 231 2673 meticen
258 2632 329 2673 vero
358 2617 491 2689 sumptus
520 2613 721 2694 aedificiorum
749 2617 1003 2689 consummantur,
1033 2634 1116 2672 men-

104 2721 242 2762 surarum
268 2703 400 2761 rationes
428 2702 627 2778 explicantur,
656 2702 848 2778 difficilesque
877 2703 1115 2777 symmetriarum

63 2805 94 2856 (5)
105 2791 295 2868 quaestiones
306 2790 493 2868 geometricis
506 2791 671 2850 rationibus
688 2783 692 2873 Ι
708 2794 738 2850 et
751 2791 899 2850 methodis
912 2792 1115 2853 inveniuntur.

10 3119 14 3129 ,
176 3074 190 3121 1
210 3068 323 3121 fuerant
338 3067 363 3121 G
381 3067 561 3136 (Eberhardz
584 3065 698 3120 fuerunt
711 3067 746 3120 H
748 3067 774 3122 S.
790 3069 799 3136 Ι
814 3072 847 3120 10
866 3065 1016 3134 disciplina
1030 3066 1064 3119 Η
1066 3064 1113 3120 ⁶8:

19 3150 22 3155 ’
105 3155 154 3192 -ua
173 3138 212 3205 H,
232 3155 295 3192 ·nas
315 3139 349 3194 G.
369 3140 377 3206 Ι
397 3143 429 3191 11
450 3140 499 3191 aut
517 3139 589 3207 (autc
607 3141 687 3206 corr.)
708 3155 758 3193 om.
778 3138 816 3192 Η.
833 3138 837 3209 Ι
854 3140 905 3191 aut
922 3137 982 3190 sine
1000 3135 1113 3206 ingenio

105 3209 176 3264 disci
196 3207 257 3263 lina
276 3210 382 3279 (11113
400 3208 554 3279 graphidos
573 3207 650 3263 HG:
669 3208 724 3261 -dis
743 3208 766 3264 S
785 3211 827 3279 (ut
844 3227 864 3263 cc
882 3227 905 3263 c.
921 3211 968 3277 19)
986 3214 1010 3261 et
1029 3210 1061 3260 io
1077 3225 1114 3270 m,

104 3279 158 3337 ide.
176 3228 392 3349 descriptionis,
410 3281 534 3349 figurari
548 3279 594 3333 vel
611 3277 720 3351 picture
739 3280 774 3335 S⁶
791 3282 800 3349 ΙΙ
820 3284 852 3332 11
871 3279 942 3332 haec
955 3279 996 3346 H,
1013 3277 1066 3351 hee
1080 3279 1112 3358 β’

103 3351 139 3420 he
160 3353 193 3407 G.
222 3353 231 3422 ΙΙ
259 3357 292 3404 11
313 3367 346 3404 ex
370 3350 491 3421 euthy(-i
510 3349 679 3421 G)grammis
702 3349 799 3404 circini
817 3368 844 3404 a.
875 3351 884 3420 ΙΙ
914 3355 947 3402 13
967 3349 1039 3402 aeris
1058 3350 1085 3404 S.

105 3427 139 3475 14
158 3420 354 3492 descriptionis
373 3429 436 3477 cute
454 3439 522 3476 corr.
542 3422 580 3475 H.
595 3423 604 3490 ΙΙ
619 3425 652 3474 15
672 3420 803 3490 opthicen
821 3420 886 3488 HS,
904 3419 1036 3491 optichen
1056 3421 1089 3476 G.

90 3511 138 3565 Ι16
158 3511 289 3566 dicuntur
310 3512 342 3567 G.
359 3513 364 3581 Ι
381 3509 596 3565 arithmetichen
615 3493 689 3581 (hen
708 3510 752 3575 8⁶)
769 3526 797 3564 a.

911 3599 950 3650 x&
