2416 3922
548 177 709 232 VITRUVII

163 216 222 287 Phi

164 370 194 427 „j
218 352 383 431 apenorem
407 334 541 396 trocleam
566 331 596 387 et
617 329 796 388 traiciuntur
820 329 855 387 ab
879 330 1024 389 exteriore
1047 333 1133 407 parte

131 478 184 517 ,ῃ
213 412 368 505 ¹interiorem
395 443 447 503 per
475 417 616 480 orbiculos
640 419 723 477 imos.
769 437 836 476 cum
863 417 1070 479 descenderint
1097 419 1134 479 ad

155 557 249 603 mm,
273 546 306 587 ar
326 515 457 579 interiore
477 509 562 584 parte
585 510 614 563 et
637 526 691 581 per
713 507 855 566 secundos
876 500 880 587 i
901 507 1050 568 orbiculos
1074 512 1167 568 tra-(⁵)

155 634 286 691 tueantur
306 612 335 669 in
356 606 510 664 extremum
533 599 562 652 et
584 595 754 654 referimtur
775 596 808 653 in
830 615 979 654 summum
998 598 1037 655 ad
1057 598 1132 657 orbi-

157 718 224 777 ,ω
240 698 380 767 smqualos,
396 684 509 747 traiecti
526 683 650 741 redeunt
668 684 707 741 ad
720 685 823 760 imum,
842 704 876 742 ex
890 686 950 744 imo
964 686 1156 745 referunturs

150 768 184 867 ig
201 806 289 871 :aprus
304 777 415 845 traiecti
431 793 484 850 per
501 791 629 831 summos
648 772 772 831 redeunt
791 774 829 831 ad
846 775 1017 832 machinam
1032 776 1132 834 imam.

148 916 175 955 :r
196 884 284 947 :edim
306 874 400 931 autem
421 861 573 920 machinae
597 861 768 920 conlocatur
790 863 879 920 tertia
902 864 1025 922 troclea.
1069 884 1132 923 eam

147 994 236 1043 ,Μ
253 958 350 1026 Graeci
372 967 540 1021 επαγοντα,
564 949 658 1008 nostri
682 953 863 1009 artemonem
885 944 1060 1033 oppalliant.
1098 972 1131 1011 ea
1141 960 1177 1011 (1⁰)

146 1065 244 1131 fflpffi
271 1046 408 1124 religatur
436 1038 473 1096 ad
503 1038 656 1097 machinae
685 1039 814 1098 radicem
842 1039 954 1099 habens
984 1041 1130 1101 orbiculos

144 1172 209 1219 Ν·
234 1160 283 1221 pff
303 1149 373 1210 quos
396 1127 512 1186 traiecti
534 1122 621 1185 funes
643 1128 802 1186 traduntur
824 1128 993 1188 hominibus
1018 1130 1056 1188 ad
1080 1131 1130 1188 du·
1144 1147 1166 1185 io

149 1240 260 1303 ww,
301 1225 344 1281 ita
370 1221 428 1275 tres
456 1215 571 1274 ordines
599 1216 752 1274 hominum
777 1217 916 1277 ducentes
940 1219 1004 1277 sine
1028 1222 1132 1296 ergata

96 1352 123 1397 ar
144 1296 263 1393 ezarita
279 1326 349 1373 onus
368 1305 405 1365 ad
423 1323 569 1362 summum
587 1305 759 1380 perducunt.
791 1306 847 1365 hoc
865 1325 957 1383 genus
977 1309 1130 1367 machinae

98 1388 109 1403 ⁸
139 1380 317 1485 {desperatam
345 1394 523 1470 appellatur,
553 1394 631 1468 quod
658 1394 760 1452 multis
784 1394 984 1454 orbiculorum
1007 1397 1129 1455 circum-

138 1478 275 1569 {ffl'uibus
302 1487 332 1544 et
357 1483 532 1541 facilitatem
560 1501 705 1540 summam
728 1487 861 1558 praestat
884 1486 914 1542 at
937 1485 1128 1544 celeritatem
1138 1492 1175 1542 (15)

137 1610 190 1657 ω
208 1584 303 1643 autem
325 1571 450 1631 statutio
473 1571 548 1646 tigni
572 1571 648 1629 hanc
670 1571 760 1630 habet
778 1572 942 1631 utilitatem
960 1574 1043 1648 quod
1063 1578 1129 1632 ante
1142 1588 1164 1629 ιε

135 1682 268 1761 Qpepusam
290 1661 363 1720 velit
386 1662 416 1717 et
438 1659 541 1717 dextra
564 1678 597 1716 ac
621 1659 741 1718 sinistra
764 1661 800 1718 ab
824 1661 916 1720 latere
935 1663 1130 1736 proclinando

134 1782 201 1833 rirruis
222 1757 364 1829 deponere
387 1751 494 1823 potest.

191 1846 301 1907 Harum
327 1836 580 1895 machinationum
603 1838 734 1895 omnium
758 1857 832 1913 quae
855 1857 944 1914 supra
968 1843 1039 1898 sunt
1062 1841 1129 1900 scri-

132 1956 195 2025 pffia
213 1930 217 2009 Ι
236 1927 364 1987 rationes
392 1944 451 1983 non
478 1925 565 1984 mode
593 1926 632 1983 ad
658 1927 710 1984 has
738 1946 784 1986 res
812 1928 978 1986 sedetiam
1002 1929 1040 1986 ad
1064 1934 1173 1987 one-(³⁰)

132 2024 229 2093 mdes
257 2018 286 2073 et
313 2014 511 2072 exonerandas
539 2033 628 2073 naves
657 2018 725 2073 sunt
747 2019 879 2090 paratae,
903 2016 983 2074 aliae
1007 2020 1164 2092 erectae‚so

130 2118 200 2183 ,ἥρῳ
227 2105 333 2181 planae
363 2103 394 2159 in
425 2103 599 2162 charchesiis
629 2104 816 2163 versatilibus
844 2106 1025 2164 conlocatae.
1072 2124 1130 2164 non

130 2206 219 2269 uiuus
246 2193 308 2250 sine
335 2192 487 2268 tignorum
514 2192 708 2251 erectionibus
736 2194 767 2250 in
794 2194 884 2268 plano
911 2194 1004 2252 etiam
1028 2195 1129 2253 eadem

129 2288 235 2355 tatione
262 2284 291 2339 et
313 2281 486 2355 temperatis
509 2281 628 2339 funibus
652 2284 682 2338 et
704 2283 822 2340 trocleis
845 2281 1056 2342 subductiones
1080 2304 1128 2342 na·

128 2380 204 2441 cicun
226 2361 409 2451 affiiciuntur.
1137 2378 1172 2427 (2⁵)

85 2488 114 2543 n
188 2459 256 2519 Non
283 2462 328 2516 est
351 2461 450 2516 autem
474 2459 604 2516 alienum
628 2459 718 2515 etiam
742 2457 973 2534 Chersiphronos
996 2460 1127 2537 ingenio·
1140 2475 1161 2516 rs

126 2570 185 2619 nm
215 2547 362 2603 rationem
390 2565 542 2621 exponere.
587 2547 612 2606 is
642 2547 719 2605 enim
746 2566 849 2622 scapos
878 2549 1087 2607 columnarum
1112 2568 1127 2606 o

125 2635 289 2717 lapidicinis
313 2655 379 2692 cum
402 2637 555 2710 deportare
578 2637 669 2694 vellet
687 2637 798 2711 Ephesi
821 2636 859 2693 ad
877 2636 993 2696 Dianae
1017 2639 1127 2711 fanum,

124 2726 241 2811 propter
276 2715 520 2805 maginitudinem
557 2743 679 2782 onerum
716 2727 745 2783 et
781 2725 896 2783 viarum
934 2731 1128 2802 campestrem
1136 2729 1181 2787 ato

123 2811 338 2881 mollitudinem
369 2832 428 2871 non
458 2813 583 2872 confisus
616 2813 707 2872 carris
736 2832 773 2872 ne
802 2816 885 2873 rotae
914 2813 1128 2873 devorarentur

123 2904 164 2969 sic
181 2903 226 2958 est
245 2904 376 2959 conatus.
413 2902 448 2959 de
467 2902 593 2960 materia
611 2901 765 2960 trientales
784 2921 887 2976 scapos
906 2902 990 2977 duos,
1014 2903 1127 2962 duobus
1139 2922 1160 2961 re

194 3039 206 3086 1
232 3034 405 3088 adexteriore
427 3053 454 3089 x.
482 3037 491 3104 ΙΙ
519 3041 534 3088 2
560 3034 722 3089 ininteriere
741 3035 767 3090 S.
798 3039 802 3104 Ι
832 3034 1029 3089 descenderint
1052 3036 1128 3091 Hes:

122 3103 336 3174 clodomerem.
353 3107 556 3175 G)scenderent
572 3107 642 3161 HG.
659 3107 663 3174 1
680 3105 776 3159 adimu
795 3104 930 3159 exteriore
948 3125 975 3176 p.
995 3125 1024 3162 cr.
1038 3110 1047 3177 ΙΙ
1062 3113 1078 3160 5
1096 3122 1129 3160 ex

121 3180 189 3237 imo:
215 3177 237 3228 dc
256 3178 295 3245 (et
312 3177 347 3246 G)
365 3175 455 3246 primo
474 3176 560 3246 (pimo
575 3177 619 3248 H)
638 3196 666 3232 a.
693 3179 702 3247 ΙΙ
730 3183 745 3229 7
765 3176 939 3231 collocantur
958 3180 1033 3247 (ante
1051 3180 1127 3245 corr.)

123 3248 156 3307 6.
171 3249 180 3315 Η
190 3252 210 3328 Ι8
226 3250 367 3317 epagenta
381 3266 407 3301 x.
423 3249 461 3316 119
477 3248 514 3301 ad
527 3247 650 3302 trocleae
665 3251 704 3320 (p
721 3249 784 3316 GS)
799 3248 924 3301 radicem
936 3266 964 3303 a.
979 3251 989 3318 ΙΙ
1004 3254 1038 3303 13
1051 3248 1128 3318 poly-

121 3318 1041 3472 :lattebaharmillatattttttsitabtttt
1055 3318 1128 3447 ibi

123 3458 164 3519 bis
179 3459 242 3513 HS.
257 3463 313 3527 1129
333 3461 418 3514 carris
433 3461 558 3530 S(PG⁰):
578 3461 650 3514 caris
665 3461 699 3514 H
701 3462 747 3530 (L)
756 3463 788 3516 G.
803 3463 812 3530 ΙΙ
831 3467 865 3515 30
883 3461 1012 3516 trientali
1032 3478 1126 3531 scapos
1198 3514 1201 3521 ,

131 3548 148 3587 r.
175 3532 179 3594 Ι
204 3528 273 3583 duos
288 3531 396 3586 duobus
411 3535 510 3602 (n.11):
530 3535 664 3600 quattuor
686 3534 817 3601 (quatuor
830 3534 858 3600 S,
877 3551 935 3587 rm.
958 3534 993 3602 G)
1014 3533 1082 3587 duos
1098 3550 1125 3588 a.
