2416 3922
113 145 178 208 290
437 144 475 199 Μ.
494 144 576 199 CETI
593 143 796 200 FAVENTINl

115 295 323 371 quinamentis
364 295 410 354 his
434 296 526 372 signis
548 295 695 353 munitam
719 295 868 354 salubrem
890 298 1126 372 perpetuamque

114 403 224 459 aquam
245 385 377 441 futuram
400 383 617 460 significabunt

11 468 49 508 ¹¹¹
58 467 107 560 ¹³2
210 472 324 531 Ductus
356 475 456 530 autem
483 491 579 548 aquae
607 475 749 548 quattuor
776 472 932 549 generibus
958 472 1049 553 fiunt,
1077 475 1127 531 aut

11 531 95 615 111111
94 533 237 619 'i'forma
249 552 253 642 Ι
265 561 394 619 structili
406 563 460 619 aut
470 561 578 620 fistulis
592 560 738 637 plumbeis
753 565 807 619 aut
819 561 899 621 tubis
909 563 958 620 vel
974 561 1159 624 canalibust)

11 646 126 750 ’111-,Ἥ
139 650 246 726 ligneis
269 653 322 708 aut
344 649 423 708 tubis
445 649 595 708 fictilibus.
632 651 657 708 si
675 669 728 725 per
745 650 873 709 formam
892 669 972 726 aqua
996 650 1125 725 ducetur
1137 670 1148 711 1

141 742 288 797 structura
303 739 365 797 eius
377 738 502 815 diligent
504 758 535 797 er
489 738 667 798 tsolidari
683 738 779 814 debet,
791 758 827 797 ne
842 759 895 815 per
908 739 1001 799 rimas
1015 742 1124 815 pereat.

114 827 295 886 canaliculus
326 829 439 885 1011111
470 829 554 885 iuxta
580 827 817 904 magnitudinem
844 846 941 903 aquae
971 828 1125 906 dirigatur.

114 918 139 975 si
165 916 272 991 planus
299 916 381 975 locus
408 917 512 990 fuerit,
539 916 618 973 infra
645 918 735 991 caput
762 935 858 992 aquae
886 919 1038 975 structura
1061 935 1126 976 con·

114 1005 227 1063 locetur
257 1008 300 1079 et,
330 1005 355 1064 si
376 999 380 1083 1
399 1005 517 1082 longior
543 1004 672 1080 planitia
698 1005 802 1078 fuerit,
828 1006 904 1080 pede
932 1006 1022 1064 semis
1048 1005 1169 1066 intereo

114 1098 251 1152 centenos
274 1093 322 1152 rel
344 1112 385 1151 11
407 1094 496 1169 pedes
519 1096 671 1152 structura
695 1092 902 1168 submittatur,
931 1098 964 1152 ut
993 1095 1125 1152 animata
1136 1113 1159 1152 ro

115 1202 192 1258 aqua
215 1201 274 1241 non
296 1183 382 1259 pigro
405 1183 520 1258 impetu
538 1182 683 1240 decurrat.
718 1201 788 1240 nam
812 1183 837 1241 si
859 1183 1022 1242 intervalla
1044 1201 1125 1241 mon-

114 1273 190 1329 tium
218 1271 343 1346 fuerint,
373 1270 411 1330 ad
440 1271 651 1329 libramentum
680 1269 786 1347 capitis
814 1290 911 1347 aquae
939 1289 1044 1347 specus
1072 1271 1125 1331 sub

114 1363 194 1418 terra
223 1360 279 1417 erit
306 1362 455 1419 structura
484 1362 536 1418 aut
562 1358 692 1419 roboreis
720 1359 873 1418 canalibus
897 1360 1123 1436 aquaeductus

115 1451 317 1523 componatur.
373 1448 480 1525 quodsi
511 1439 664 1530 1011011111
696 1448 823 1506 vallium
854 1449 1050 1509 demissiones
1081 1451 1169 1510 in·(¹⁵)

115 1538 250 1613 pedient,
286 1540 435 1596 structura
471 1537 566 1596 solida
597 1537 645 1597 vel
677 1537 814 1595 arcuatili
846 1538 885 1595 ad
916 1537 1126 1597 libramentum
1137 1555 1160 1596 rs
1193 1560 1196 1565 ·

117 1645 213 1700 aquae
232 1630 411 1696 occurratur,
430 1629 482 1685 111
499 1625 607 1684 fistulis
624 1625 770 1701 plumbeis
785 1628 838 1684 aut
852 1626 1008 1685 canalibus
1021 1627 1126 1686 librate

117 1732 218 1773 cursus
241 1714 395 1791 dirigatur.
440 1734 544 1775 verum
566 1716 591 1772 si
614 1714 704 1772 altior
725 1714 807 1773 locus
834 1714 926 1774 fuerit
948 1716 1028 1775 unde
1051 1735 1126 1792 aqua

117 1803 249 1877 ducitur,
281 1803 436 1878 aliquanto
467 1803 591 1861 inferius
623 1802 751 1878 planitia
781 1803 890 1862 inflexa
920 1803 1062 1879 libretur,
1092 1807 1126 1862 ut

116 1891 236 1949 veniens
251 1910 329 1967 aqua
342 1893 438 1951 fracto
452 1893 567 1968 impetu
580 1892 675 1950 lenius
696 1887 700 1970 Ι
721 1891 865 1950 decurrat.
902 1895 956 1951 aut
970 1894 995 1952 si
1011 1894 1126 1971 longius
1134 1903 1170 1955 (1)

117 1981 152 2038 de
170 1983 270 2039 monte
285 1980 411 2055 ducitur,
429 1982 546 2057 saepius
564 1980 710 2039 flexuosas
728 1980 869 2056 planities
886 1981 989 2040 facies.
1022 1983 1127 2040 minori
1138 2003 1160 2043 10

117 2069 208 2128 etiam
231 2072 352 2145 sumptu
375 2073 405 2128 et
427 2069 530 2129 utilius
553 2069 633 2128 tubis
655 2068 796 2128 fictilibus
819 2069 978 2129 inducitur.
1021 2090 1126 2130 cuma

116 2158 207 2236 figulo
231 2178 300 2236 ergo
323 2158 404 2234 fient,
426 2178 463 2217 ne
485 2160 582 2217 minus
601 2158 728 2216 duorum
746 2158 908 2236 digitorum
927 2160 1125 2236 grossitudine

117 2248 229 2306 corium
251 2247 389 2306 habeant.
426 2247 477 2306 sed
499 2248 558 2324 ipsi
580 2246 679 2305 tubuli
701 2266 736 2305 ex
757 2267 817 2305 una
835 2250 922 2323 parte
941 2249 1127 2326 angustiores

116 2336 203 2410 fiant,
230 2340 265 2394 ut
292 2337 368 2395 alter
394 2337 426 2394 in
455 2337 581 2395 alterum
607 2355 661 2412 per
688 2327 830 2418 orldinem
857 2335 896 2394 ad
923 2337 1059 2412 palmum
1084 2338 1170 2399 11115)

117 2424 278 2502 grediatur.
323 2426 478 2484 iuncturae
507 2427 606 2483 autem
634 2443 735 2483 eorum
763 2425 842 2483 calce
869 2427 940 2484 viva
968 2426 1035 2485 0110
1062 2426 1126 2484 sub·
1139 2444 1161 2485 11

118 2516 185 2572 acta
207 2514 394 2572 inliniantur.
440 2516 470 2572 et
493 2517 654 2588 antequam
677 2532 695 2571 1
718 2515 816 2589 capite
842 2532 921 2590 aqua
944 2513 1128 2588 demittatur,

117 2602 221 2660 favilla
252 2622 306 2678 per
338 2622 387 2662 eos
419 2621 486 2660 eum
516 2620 609 2677 parvo
639 2602 754 2677 liquore
784 2603 908 2678 laxetur,
929 2596 933 2684 1
954 2606 990 2662 11
1018 2604 1044 2663 si
1070 2607 1181 2680 quares

117 2692 192 2749 vitia
214 2690 312 2749 tubuli
333 2690 491 2749 habuerint
514 2691 715 2749 excludantur.
752 2691 899 2750 salubrior
919 2692 1012 2750 etiam
1034 2693 1128 2752 multo

117 2779 289 2838 tubulorum
315 2780 441 2838 materia
470 2780 628 2839 invenitur.
678 2799 714 2838 ex
744 2780 866 2856 plumbo
899 2779 978 2839 enirn
1012 2799 1128 2840 cerussa

118 2869 258 2943 nascitur,
281 2888 356 2944 quae
380 2868 550 2944 corporibus
572 2869 709 2928 humanis
734 2871 840 2929 nociva
863 2873 916 2927 est.
941 2871 1161 2946 exemplumu

118 2960 219 3016 autem
233 2957 320 3016 huius
334 2957 568 3033 plumbariorum
581 2957 753 3016 deformitas
767 2957 883 3033 probat,
902 2958 956 3034 qui
972 2959 1128 3018 tractando

120 3038 124 3127 1
140 3046 297 3122 plumbum
316 3047 447 3104 exsucati
465 3048 608 3124 sanguine
626 3045 713 3106 foedo
731 3047 846 3122 pallore
864 3049 1028 3107 mutantur.
1060 3056 1160 3107 111115)

118 3135 392 3207 01111111011101
415 3137 543 3194 structas
566 3154 704 3194 vasorum
727 3138 935 3212 argenteorum
953 3137 1003 3194 vel
1026 3155 1127 3196 aeneo·

118 3244 184 3281 rum
206 3223 336 3282 habeant
362 3242 492 3299 mensas,
519 3227 619 3282 tamen
640 3227 763 3299 propter
785 3224 899 3300 saporis
924 3225 1128 3302 integritatem

118 3312 258 3371 fictilibus
291 3312 419 3371 vasculis
450 3315 584 3371 utuntur.
634 3331 694 3371 101
726 3312 855 3371 alienum
887 3312 1008 3372 videtur
1040 3315 1160 3373 etiams

119 3402 329 3476 conceptacula
351 3401 425 3459 locis
449 3403 603 3477 oportunis
626 3402 732 3476 facere,
754 3405 788 3459 ut
811 3403 837 3460 si
856 3421 952 3478 aquae
972 3404 1128 3462 exhaustae

118 3489 189 3547 solis
209 3480 372 3570 arldoribus
390 3490 501 3548 fuerint
520 3493 572 3549 aut
586 3509 676 3550 venas
693 3491 796 3549 sitiens
810 3493 891 3550 terra
906 3493 1126 3568 consumpserit,
1134 3498 1168 3551 (1⁰)
