2416 3922
177 915 220 994 Ut
240 939 309 1009 post
335 936 455 1009 tripinta
484 952 577 994 anuos
606 935 771 994 Vitruvium
794 953 828 994 erc
851 952 912 994 meo
935 935 1114 1010 Milllerique

99 1026 159 1083 mei
174 1023 206 1098 (†
222 1026 269 1082 14.
284 1019 360 1098 Auq.
376 1023 470 1097 1893)
489 1028 639 1097 apparatu
658 1026 763 1083 iterum
781 1025 900 1093 ederem,
923 1025 955 1083 id
972 1041 1032 1084 non
1048 1042 1114 1084 mea

100 1114 195 1186 effecit
215 1113 350 1171 scamus
367 1113 418 1171 scd
437 1113 542 1172 editore
560 1112 710 1186 lipsiensi
727 1113 895 1186 postulante
918 1111 960 1186 (3.
975 1113 1003 1171 I.
1018 1112 1112 1185 1895)

101 1203 238 1275 imposita
260 1203 346 1275 quasi
363 1203 525 1260 necessitas.
571 1203 765 1260 necessitatem
782 1203 815 1260 in
832 1201 961 1260 studium
979 1205 1115 1262 conuertit

99 1293 235 1349 occasio.'
258 1308 329 1348 nam
348 1291 444 1348 eodem
461 1291 522 1362 fere
540 1292 675 1364 temporis
692 1293 832 1349 numento
856 1291 947 1348 euenit
968 1293 1001 1348 ut
1018 1292 1114 1350 amica

53 1408 57 1415 ·
100 1397 195 1438 manu
212 1380 326 1451 facente
344 1379 449 1438 codicis
467 1377 675 1438 Scletstatensis
694 1378 743 1452 (de
761 1396 816 1452 quo
834 1397 861 1437 a.
877 1380 957 1437 1879
975 1374 1012 1436 A.
1029 1378 1113 1455 Girp,

101 1468 202 1526 Reoue
228 1469 264 1526 dc
280 1467 464 1540 potuim,
479 1467 616 1540 16-18)
639 1472 760 1542 propter
782 1468 915 1541 Mcppae
942 1467 1114 1526 claviculam

100 1561 171 1614 tunc
197 1558 230 1615 in
255 1573 388 1615 museum
415 1556 604 1615 Berolinense
633 1557 734 1625 delati,
766 1573 832 1614 nlon
865 1559 961 1615 autem
986 1555 1113 1630 Joseploo

101 1644 187 1719 Genp
214 1645 424 1704 bibdotloecario
446 1644 640 1704 Seletstatensi
666 1646 831 1720 mdutpente
857 1646 890 1703 in
918 1645 1114 1704 bibliothecam

100 1734 239 1792 translati
267 1734 392 1806 amplior
418 1735 522 1793 mtitia
548 1737 716 1808 suppeteret.
762 1751 836 1806 quae
863 1751 928 1792 cum
955 1735 995 1792 ad
1017 1736 1114 1807 ipsmn

100 1823 218 1895 quidem
240 1824 367 1880 auctoris
394 1825 501 1881 tectum
526 1823 690 1882 iucundmn
715 1823 801 1891 niloil,
832 1839 892 1880 non
917 1822 991 1881 nuit
1018 1826 1114 1882 tamen

43 1903 45 1906 ’
99 1911 210 1983 faceret
231 1911 271 1969 ad
297 1910 477 1970 illustranda
502 1914 593 1970 tectus
616 1912 717 1970 traditi
739 1912 816 1983 fata,
839 1911 952 1984 prioris
980 1911 1114 1970 editionis

99 2000 331 2072 supplemmtnm
343 2003 499 2073 praestare
511 2000 663 2058 uidebatur
676 2000 846 2058 ddectablle.
873 2017 985 2072 parum
998 2000 1114 2072 quidem

10 2141 18 2148 ..
101 2088 190 2146 codex
207 2088 256 2146 ille
273 2089 411 2161 antiquus
428 2092 470 2147 est
483 2086 605 2160 (saeculi
619 2088 652 2146 X
663 2087 827 2162 cerpentis),
845 2089 932 2146 immo
950 2089 1114 2161 napiscrau

100 2177 213 2236 saeculi
235 2177 350 2235 lieentia
371 2177 460 2235 multo
482 2179 577 2251 mapls
601 2179 687 2236 etiam
708 2180 742 2235 ut
764 2177 930 2235 emendatus
952 2178 995 2234 ita
1017 2177 1112 2249 defor-

100 2268 208 2334 matos,
234 2282 322 2337 quum
344 2268 397 2324 aut
413 2265 567 2325 Leidensis
590 2270 643 2324 aut
660 2264 773 2339 (umde*
791 2263 908 2337 reliqui)
927 2265 1112 2333 Pitloeanus,

103 2355 156 2427 qui
168 2354 344 2428 propaqinis
359 2353 543 2413 Harleianae
561 2358 642 2413 testes
660 2357 728 2412 sunt
746 2354 949 2427 antiquissimi,
967 2353 1000 2412 id
1018 2357 1113 2412 tamen

95 2443 249 2515 peculiare
274 2443 359 2501 labet
385 2443 461 2515 quod
488 2443 552 2502 licet
578 2443 618 2502 ad
644 2443 803 2502 Harleiaui
830 2442 935 2500 codicis
967 2443 1113 2515 euenplar

101 2534 129 2589 et
155 2532 218 2604 ipse
244 2532 283 2589 sit
308 2532 481 2604 descriptus,
503 2533 626 2604 proprio
654 2535 749 2590 tamen
777 2534 882 2590 conatu
908 2533 1042 2604 quamuis
1064 2532 1112 2590 de-

99 2620 222 2678 sultario
243 2636 295 2678 nec
316 2619 396 2678 ultra
418 2621 479 2692 fere
496 2621 629 2693 prinmm
651 2621 757 2679 librum
772 2637 829 2693 pro
847 2620 935 2678 medii
953 2621 1018 2678 aeui
1034 2636 1114 2679 more

94 2708 245 2781 pertinaci
272 2709 312 2766 ad
339 2709 459 2767 alterius
486 2709 586 2782 sarpis
613 2709 759 2782 enemplar
786 2711 848 2782 ipso
875 2709 990 2781 quidem
1020 2709 1113 2766 codice

102 2795 243 2856 Gudiam
270 2798 420 2869 antiquius
447 2801 589 2856 correctus
613 2800 665 2875 cst,
692 2814 752 2855 non
778 2799 811 2856 in
833 2799 965 2871 marqine
990 2800 1111 2864 tantum,

101 2889 129 2944 et
159 2887 234 2944 inter
265 2886 448 2944 scribendum
478 2886 621 2954 cadeudo,
653 2887 704 2945 sed
734 2887 767 2944 in
797 2888 864 2959 ipsa
891 2887 989 2944 statim
1010 2885 1113 2957 primu

99 2975 264 3047 scriptione.
293 2976 395 3032 etenim
406 2975 483 3047 quod
490 2976 623 3047 prinmm
631 2978 855 3048 promptumque
868 2975 988 3032 alterius
997 2974 1112 3046 pencris

99 3063 245 3121 indicium
271 3063 339 3120 olim
367 3061 473 3135 praef.
491 3081 524 3136 p.
545 3061 603 3135 VI)
631 3064 780 3135 quaerenti
806 3064 869 3135 fore
893 3063 1052 3129 uidebatur,
1079 3063 1112 3120 in

174 3250 202 3317 *)
226 3250 298 3319 qnod
320 3249 513 3303 demonstrauit
531 3255 684 3318 apparatus
706 3250 811 3318 prioris
839 3249 967 3302 editionis
991 3248 1111 3302 criticus.

99 3338 190 3376 unum
211 3322 256 3375 lu'c
278 3321 428 3389 eoremplum
446 3322 573 3387 afferam,
596 3322 667 3389 quod
684 3321 766 3375 umba
780 3337 809 3389 p.
829 3322 891 3386 149,
901 3322 937 3372 24
955 3324 998 3385 „et
1016 3335 1049 3372 eu
1067 3321 1111 3371 in-

100 3394 200 3446 testino
223 3408 300 3461 opere
324 3392 478 3445 lacunariis
496 3394 628 3446 ornatus“
646 3408 715 3460 quac
738 3392 865 3461 loquutur
882 3391 914 3444 in
929 3389 1058 3456 aHLs,
1080 3405 1113 3443 ea

100 3480 164 3518 eum
181 3462 207 3514 P
224 3465 352 3517 omittunt
369 3462 555 3531 spalb)l(clc).
587 3463 712 3517 similiter
727 3478 755 3530 p.
770 3464 896 3530 273,13.
916 3464 1016 3527 281,2
1035 3466 1089 3512 stc.
