2416 3922
343 160 392 214 oa
411 159 690 216 momuacruan
708 159 775 216 ara.
793 161 827 232 n
847 166 862 214 o
1063 163 1107 226 55

49 320 164 376 (²⁰)cum
188 331 223 372 ea
243 306 247 391 Ι
267 311 382 371 ratione
406 314 524 370 curatae
546 312 666 386 fuerint,
688 311 796 371 habere
819 315 961 388 potenmt
983 331 1107 390 magnas

96 402 127 460 in
150 399 294 460 aedificiis
317 401 356 459 ad
378 402 557 460 vetustatem
579 401 735 460 utilitates.

162 491 226 549 Eae
254 492 353 548 autem
379 490 458 548 inter
480 508 511 548 se
538 489 738 565 discrepantes
766 493 796 549 et
818 491 975 550 dissimiles
997 489 1144 554 habenta

96 579 234 652 virtutes,
256 578 302 637 uti
323 578 414 637 robur
436 579 545 637 ulmus.
559 579 687 654 populus
707 597 860 654 cupressus
880 579 960 638 abies
979 581 1107 637 ceterae·

71 685 154 743 sque
178 685 255 743 quae
278 667 405 726 maxime
427 667 460 726 in
482 667 623 726 aedificiis
642 670 712 726 sunt
729 667 861 727 idoneae.
900 686 1029 744 namque
1048 686 1108 726 non

48 764 87 818 (²⁵)
96 758 197 833 potest
218 750 222 833 Ι
241 755 274 814 id
295 756 386 814 robur
408 756 487 831 quod
515 755 609 831 abies,
635 775 689 814 nec
716 775 871 832 cupressus
894 757 974 832 quod
1000 757 1108 831 ulmus,

47 851 82 908 tt
96 864 151 904 nec
174 847 290 904 ceterae
310 839 314 923 Ι
335 844 454 903 easdem
475 844 587 903 habent
608 845 688 903 inter
711 864 741 904 se
760 848 868 904 natura
886 865 985 904 rerum
1004 845 1107 903 simili·

95 937 185 1009 tates,
208 933 264 992 sed.
283 933 400 1010 singula
423 953 531 1010 genera
549 933 759 1009 principiorum
778 933 1010 1010 proprietatibus
1029 953 1107 992 com-

96 1025 205 1098 parata
237 1021 311 1081 alios
343 1022 397 1080 alii
428 1023 544 1100 generis
570 1024 726 1098 praestant
752 1023 784 1081 in
812 1023 949 1098 operibus
977 1023 1107 1082 effectus.

57 1129 83 1168 ro
97 1114 128 1170 et
145 1111 277 1187 primum
294 1110 375 1172 abies
394 1111 471 1170 aeris
489 1111 601 1169 habens
618 1111 780 1186 plurimum
794 1115 825 1170 et
842 1111 920 1188 ignis
939 1111 1107 1169 minimum·
1127 1127 1143 1174 6

57 1207 86 1260 (⁵)
97 1220 155 1276 que
168 1199 280 1259 umoris
295 1202 325 1258 et
342 1200 452 1259 terreni
470 1192 640 1281 lelvioribus
654 1219 753 1257 rerum
766 1202 891 1258 naturae
909 1199 1108 1274 potestatibus

96 1290 271 1365 comparata
293 1307 352 1346 non
376 1292 421 1347 est
442 1289 615 1364 ponderosa.
652 1288 756 1363 itaque
773 1288 871 1366 rigore
889 1287 1022 1346 naturali
1040 1307 1107 1346 con-

95 1379 182 1436 tenta
203 1396 264 1436 non
286 1377 345 1436 cito
367 1377 498 1436 flectitur
521 1377 558 1436 ab
582 1396 677 1452 onere,
700 1377 753 1435 sed
775 1378 887 1436 directa
904 1379 1060 1454 permanet
1076 1377 1109 1434 in

95 1465 328 1543 contignatione.
365 1467 417 1525 sed
435 1485 470 1524 ea
494 1465 573 1541 quod
595 1465 685 1524 habet
707 1466 739 1524 in
762 1485 793 1525 se
815 1467 884 1541 plus
903 1465 1018 1541 caloris,
1041 1484 1108 1540 pro·

55 1573 81 1613 15
95 1557 179 1614 creat
201 1557 232 1613 et
255 1554 310 1613 alit
327 1554 437 1613 cariem
456 1554 493 1614 ab
512 1574 606 1630 eaque
624 1555 757 1630 vitiatur,
781 1555 930 1630 etiamque
947 1554 1014 1614 ideo
1034 1556 1107 1620 cele·

41 1651 85 1705 (1⁰)
94 1645 170 1702 riter
202 1643 372 1702 accenditur
404 1643 483 1720 quod
516 1662 592 1719 quae
623 1643 702 1703 inest
722 1636 726 1724 l
746 1644 778 1701 in
810 1662 843 1703 eo
877 1662 997 1731 corpore
1031 1643 1108 1702 aeris

94 1732 215 1808 raritas²
238 1751 274 1791 ea
296 1734 332 1791 ut
354 1735 399 1792 est
420 1735 527 1808 patens
550 1732 777 1808 accipitignem
796 1733 887 1791 etita
905 1733 1109 1792 vehementem

95 1841 133 1880 ex
156 1839 187 1879 se
209 1821 304 1880 mittit
325 1821 483 1880 flammam.
521 1841 556 1880 ex
579 1839 614 1880 ea
637 1824 737 1879 autem
760 1825 921 1897 antequam
944 1824 988 1880 est
1011 1821 1109 1880 excisa
1128 1836 1144 1883 7

95 1927 175 1985 quae
205 1928 276 1984 pars
308 1912 361 1968 est,
383 1910 519 1987 proxima
550 1913 647 1969 terrae
678 1930 733 1986 per
758 1910 872 1969 radices
899 1910 1044 1985 recipiens
1075 1931 1109 1968 ex

50 2018 81 2057 ao
94 1997 289 2075 proximitate
311 2018 446 2058 umorem
469 1999 570 2058 enodis
589 2002 620 2057 et
637 1998 752 2075 liquida
771 1999 905 2059 efficitur.
944 2018 1019 2074 quae
1038 2018 1108 2058 vero

40 2097 86 2149 (1⁵)
96 2089 144 2146 est
162 2087 305 2162 superior,
318 2087 505 2146 vehementia
524 2088 630 2146 caloris
649 2087 762 2147 eductis
781 2088 812 2145 in
831 2106 900 2146 aera
920 2081 925 2165 Ι
944 2107 998 2162 per
1016 2087 1108 2147 nodos

95 2175 198 2251 ramis,
220 2176 354 2251 praecisa
377 2177 437 2234 alte
461 2176 578 2235 circiter
600 2177 689 2251 pedes
707 2195 747 2233 xx
767 2177 797 2234 et
814 2176 970 2251 perdolata
987 2178 1109 2250 propter

94 2264 266 2324 nodationis
289 2264 428 2323 duritiem
450 2265 559 2323 dicitur
582 2284 644 2323 esse
664 2266 808 2322 fusterna.
844 2264 905 2322 ima
923 2266 1024 2322 autem
1042 2283 1109 2322 cum

95 2353 195 2412 excisa
219 2353 422 2427 quadrifluviis
442 2354 617 2429 dispertitur
641 2353 733 2411 eiecto
756 2353 854 2412 torulo
878 2372 913 2411 ex
937 2353 1039 2410 eadem
1062 2371 1107 2410 ar-

52 2461 80 2502 as
94 2443 168 2501 bore
192 2442 230 2500 ad
251 2442 394 2501 intestina
417 2461 507 2518 opera
530 2445 719 2517 comparatur
742 2441 838 2500 etita
861 2441 1004 2516 sappinea
1021 2459 1108 2500 voca-

95 2534 154 2589 tur.
192 2534 296 2590 contra
313 2550 383 2590 vero
403 2549 527 2606 quercus
544 2531 669 2589 terrenis
687 2530 900 2606 principiorum
919 2529 1108 2589 satietatibus
1127 2545 1145 2593 8

39 2611 102 2701 <wll
116 2619 270 2679 abundans
293 2639 457 2696 parumque
480 2620 591 2679 habens
609 2618 720 2678 umoris
739 2622 769 2678 et
787 2619 863 2678 aeris
883 2621 913 2678 et
930 2618 1016 2697 ignis,
1041 2638 1109 2677 cum

94 2709 129 2766 in
150 2708 276 2768 terrenis
296 2708 432 2784 operibus
452 2709 595 2782 obruitur,
617 2708 765 2766 infinitam
783 2708 873 2766 habet
892 2708 1108 2767 aeternitatem.

99 2817 136 2856 ex
155 2815 188 2855 eo
208 2817 276 2856 cum
293 2797 429 2874 tangitur
446 2816 548 2856 umore
565 2815 625 2855 non
642 2796 753 2856 habens
772 2796 952 2855 foraminum
969 2797 1108 2855 raritates

53 2905 81 2944 ao
94 2888 219 2962 propter
237 2886 419 2961 spissitatem
436 2905 496 2945 non
513 2888 614 2961 potest
631 2886 663 2944 in
680 2905 786 2962 corpus
805 2886 935 2961 recipere
953 2886 1108 2960 liquorem,

168 3095 184 3142 3
204 3107 267 3145 eae:
286 3107 321 3146 ea
334 3090 401 3158 HS,
416 3091 471 3144 hae
487 3091 521 3146 G.
542 3092 551 3158 tl
572 3096 588 3142 4
608 3092 665 3161 ce(e
683 3090 809 3160 &Spem
827 3107 854 3144 cc.
873 3095 882 3158 u
902 3095 917 3143 5
936 3089 1039 3142 idonea
1057 3105 1084 3141 a.
1098 3086 1109 3158 Η

89 3167 113 3214 .6
132 3161 211 3216 abeis
226 3162 264 3217 H.
288 3165 297 3232 ΙΙ
321 3168 336 3215 7
355 3164 431 3230 oe(ae
447 3163 483 3229 G,
501 3179 516 3235 e
532 3161 627 3230 S)tera
645 3179 672 3216 x.
694 3165 698 3230 1
718 3163 820 3215 natura
835 3160 869 3215 H
873 3161 910 3215 G:
933 3161 1040 3213 naturae
1058 3157 1109 3225 ΗΟ,

96 3250 139 3306 re
153 3232 180 3287 S.
196 3235 253 3302 [112
271 3233 429 3302 ponderosa
443 3234 468 3286 G
492 3240 517 3288 et
536 3234 577 3301 (ia
594 3234 660 3302 ras.)
675 3233 718 3287 8⁶:
736 3232 892 3302 ponderata
906 3230 969 3285 HS.
984 3232 993 3299 ll
1008 3235 1041 3282 14
1060 3245 1107 3284 ea:

96 3319 131 3358 eo
145 3303 172 3358 S.
196 3307 206 3374 ΙΙ
229 3309 262 3357 15
281 3303 398 3359 cariem:
416 3303 495 3373 pario
511 3304 546 3370 G,
559 3305 674 3428 &artem
687 3303 727 3369 H,
746 3305 786 3357 -te
801 3303 893 3371 S(G⁶).
917 3307 920 3363 Ι
939 3300 1017 3354 'abea
1035 3316 1107 3368 quae

95 3376 162 3448 (qne
176 3375 241 3443 GS)
255 3394 282 3430 rc.
302 3377 312 3444 ΙΙ
331 3381 364 3428 1⁷
378 3375 482 3429 raritas
501 3377 558 3442 et(

96 3446 165 3502 HS:
185 3444 268 3500 -tiam
284 3447 316 3502 G.
345 3448 354 3516 11
382 3452 416 3498 24
435 3445 854 3516 dispertitur(Ptr'a.16,195):
880 3442 1040 3513 disparatur
1058 3460 1085 3497 ec.
1100 3443 1109 3512 l

95 3522 131 3570 25
146 3518 176 3570 et
189 3516 232 3571 ita
248 3515 395 3587 sappinea:
411 3519 441 3571 et
454 3516 555 3570 intima
568 3517 712 3570 fusternea
726 3515 862 3585 sappinea
874 3532 894 3569 a
908 3513 1049 3584 (caprinoa
1064 3513 1109 3583 G).

583 3378 591 3443 )
611 3378 655 3428 est
671 3376 772 3443 patene
786 3392 814 3428 a.
828 3376 838 3441 ΙΙ
852 3378 885 3426 23
905 3371 1007 3440 durit(c
1018 3371 1108 3442 Spem
