2416 3922
375 136 424 190 DE
443 135 723 191 ARCHITECTURA
740 137 808 192 LIB.
826 137 865 191 IV
1084 138 1126 202 81

107 287 314 366 perterebrata
337 287 398 346 sint
420 287 459 345 ad
482 289 616 346 canalem
639 289 691 363 qui
715 288 825 363 excipit
848 308 862 345 e
886 287 995 365 tegulis
1014 306 1126 364 aquam

65 371 113 459 (fill
131 379 300 452 caelestem,
322 376 461 435 mediana
484 380 585 435 autem
608 377 668 436 sint
690 378 795 452 solida,
818 379 863 435 uti
887 396 963 452 quae
981 378 1062 436 cadit
1079 378 1125 437 vis

106 485 205 543 aquae
219 485 273 542 per
286 467 403 543 tegulas
422 465 454 522 in
473 466 608 523 canalem
620 485 658 524 ne
673 465 818 525 deiciatur
830 485 884 541 per
897 466 1125 525 intercolumnia

104 575 203 631 neque
226 557 413 613 transeuntes
435 555 606 629 perfundat,
629 554 680 613 sed
698 573 775 630 quae
798 558 867 613 sunt
890 558 994 614 contra
1012 556 1123 614 colum-

79 663 162 705 enas
186 644 345 703 videantur
372 644 506 701 emittere
533 644 684 703 vomentia
712 646 813 702 ructus
837 663 982 719 aquarum
1006 663 1041 702 ex
1063 662 1123 702 ore.

173 732 303 791 Aedium
320 732 484 790 ionicarum
503 751 594 807 quam
611 733 798 808 apertissime
813 731 900 807 potui
913 732 1122 808 dispositiones

51 813 111 904 (roll
127 822 186 881 hoc
208 821 358 880 volumine
382 821 501 896 scripsi,
528 821 696 879 doricarum
723 823 823 880 autem
851 825 880 880 et
908 821 1123 880 corinthiarum

105 930 184 987 quae
208 911 269 970 sint
290 911 498 986 proportiones
520 911 690 985 insequenti
712 909 788 968 libro
813 910 973 985 explicabo.

509 1161 723 1174 ——a-

432 1380 565 1446 tiara
589 1335 803 1458 corariis,

63 1571 90 1610 ro
174 1548 250 1608 (lum
269 1547 551 1622 animadvertissem,
569 1549 739 1623 imperator,
757 1548 857 1624 plures
872 1549 908 1607 de
922 1549 1120 1607 architectura
1139 1562 1154 1609 1

102 1640 264 1715 praecepta
286 1638 499 1712 voluminaque
522 1639 801 1696 commentariorum
827 1656 887 1695 non
910 1637 1046 1696 ordinata
1069 1639 1120 1697 sed

49 1720 109 1810 (rol
126 1729 247 1803 incepta
274 1727 320 1785 uti
347 1726 509 1802 particulas
538 1725 717 1785 errabundas
744 1727 914 1802 reliquisse,
941 1726 1063 1804 dignam
1090 1730 1120 1786 et

101 1817 297 1876 utilissimam
318 1834 382 1873 rem
404 1815 510 1890 putavi
532 1816 634 1873 tantae
657 1815 831 1891 disciplinae
862 1834 967 1891 corpus
992 1816 1030 1874 ad
1052 1835 1118 1891 per-

101 1907 215 1964 fectam
238 1904 454 1964 ordinationem
475 1903 635 1978 perducere
658 1908 688 1963 et
710 1905 909 1980 praescriptas
936 1905 968 1963 in
991 1905 1116 1982 singulis

62 2013 88 2054 15
101 1993 303 2071 voluminibus
326 1993 511 2069 singulorum
528 2012 669 2069 generum
688 1993 849 2068 qualitates
868 1994 1023 2068 explicare.
1060 1995 1118 2052 ita-

76 2116 77 2120 =
102 2102 170 2160 que,
195 2060 311 2158 deeser,
329 2083 425 2157 primo
448 2081 598 2140 volumine
621 2082 678 2140 tibi
700 2083 735 2140 de
760 2082 857 2140 officio
877 2083 939 2140 eius
958 2086 988 2141 et
1009 2082 1129 2157 quibus.

46 2182 91 2234 (²⁰)
104 2171 255 2231 eruditum
271 2163 274 2252 l
291 2189 353 2230 esse
367 2170 454 2229 rebus
468 2170 663 2229 architectum
677 2174 814 2245 oporteat
828 2170 957 2245 exposui.
990 2170 1117 2230 seeundo

103 2262 140 2319 de
164 2259 257 2335 copiis
280 2260 430 2334 materiae,
454 2259 595 2334 equibus
615 2259 747 2317 aedificia
766 2260 995 2333 constituuntur,
1018 2259 1117 2333 dispu-

102 2351 179 2409 tavi.
213 2349 303 2408 tertio
327 2351 427 2407 autem
449 2348 485 2406 de
509 2348 626 2406 aedium
648 2367 799 2407 sacrarum
822 2346 1064 2422 dispositionibus
1088 2350 1118 2405 et

62 2439 141 2499 aede
175 2456 276 2496 earum
300 2452 448 2514 ‘generum
479 2438 624 2495 varietate
657 2455 789 2512 quasque
822 2439 851 2494 et
884 2438 956 2510 quot
987 2435 1117 2494 habeant

58 2560 60 2566 s
102 2527 217 2603 species
236 2545 395 2601 earumque
419 2542 495 2600 quae
519 2526 629 2584 sintin
652 2526 776 2602 singulis
799 2524 954 2602 generibus
978 2525 1116 2583 distribu-

48 2617 214 2690 (sereonas,
242 2635 277 2674 ex
303 2615 398 2673 tribus
426 2605 604 2694 gelneribus,
632 2633 708 2689 quac
736 2613 944 2673 subtilissimas
974 2614 1152 2673 haberent2

60 2754 61 2758 ,
103 2703 347 2781 proportionibus
366 2702 553 2761 modulorum
572 2704 764 2778 quantitates,
786 2703 877 2761 ionici
894 2704 1009 2779 generis
1027 2705 1116 2763 mori·

100 2794 158 2852 bus
182 2794 276 2851 docui.
313 2811 391 2850 nuno
412 2792 468 2850 hoo
490 2793 641 2850 volumine
664 2793 699 2850 de
723 2792 815 2851 dorici
833 2792 1029 2868 corinthiique
1049 2811 1116 2851 oon-

59 2902 87 2942 25
102 2882 218 2942 stitutis
241 2881 406 2940 rationibus
430 2881 527 2938 dicam
551 2900 710 2956 eorumque
733 2882 903 2940 discrimina
927 2884 956 2939 et
982 2881 1115 2957 proprie-

101 2974 182 3030 tates
205 2970 365 3046 explicabo.
1045 2965 1046 2968 ’

117 3257 119 3262 Ι
175 3198 189 3244 1
213 3193 406 3262 perterebrata
425 3193 493 3248 HS:
523 3192 597 3263 ptari
619 3192 700 3245 brate
720 3192 745 3245 G
768 3194 826 3260 (ta
846 3191 885 3259 3⁰,
908 3192 954 3246 sed
972 3168 1013 3254 t}
1033 3190 1087 3258 G).

99 3263 309 3333 iperfundant
326 3281 353 3318 ce.
382 3266 391 3333 ΙΙ
419 3271 451 3317 12
475 3263 647 3318 errabundos
666 3281 693 3317 a.
721 3265 730 3332 11
759 3269 792 3316 13
815 3265 925 3317 tantae:
956 3263 1040 3314 antea
1058 3279 1086 3314 rr.

103 3339 137 3389 19
158 3333 398 3404 disputationibus
413 3335 439 3389 S.
455 3337 512 3405 1120
531 3337 600 3402 quot
618 3334 680 3389 GS:
700 3335 775 3402 quod
789 3334 824 3387 Η
839 3336 897 3404 (qui
916 3335 955 3387 sic
972 3333 1091 3402 semper).

99 3430 134 3476 21
151 3425 217 3476 sunt
232 3411 265 3492 (f
268 3423 301 3492 S)
315 3441 343 3478 x.
358 3425 367 3492 ΙΙ
381 3429 415 3476 24
429 3423 536 3495 >doricis
556 3422 757 3491 corinthiisque
770 3420 933 3480 constitutis
948 3421 970 3474 dc
985 3421 1115 3475 omnibus

97 3512 127 3550 a.
151 3497 161 3564 ΙΙ
184 3499 218 3546 25
237 3494 418 3564 proprietatis
432 3496 501 3549 'onte
519 3511 587 3550 corr.
603 3495 641 3549 H.

154 3593 258 3634 V1rnov.
273 3594 301 3632 ds
318 3593 435 3634 architect.
451 3593 485 3633 ed.
500 3593 580 3634 Rosa.
815 3565 816 3568 Ἰ
920 3587 938 3634 (i
