2416 3922
174 826 441 910 VITRUVH
471 825 549 908 DE
580 825 1028 910 ARCHITECTURA

438 1000 570 1066 amna
592 1001 765 1067 carnus.

165 1186 240 1245 Cum
268 1185 368 1245 divina
395 1189 450 1244 tua
481 1204 565 1244 mens
591 1188 623 1243 et
649 1205 771 1260 numen,
801 1185 965 1260 imperator
992 1183 1110 1262 Caesar,

94 1276 221 1352 imperio
244 1275 391 1350 potiretur
414 1275 493 1334 orbis
515 1278 662 1333 terrarum
679 1274 850 1349 invictaque
867 1275 979 1333 virtute
997 1275 1110 1333 cunctis

94 1365 234 1424 hostibus
253 1363 363 1438 stratis,
381 1363 533 1438 triumpho
547 1363 731 1438 victoriaque
747 1367 801 1422 tua
814 1362 892 1422 cives
912 1364 1111 1440 gloriarentur

97 1458 129 1512 et
152 1456 256 1530 gentes
275 1471 375 1511 omnes
394 1452 534 1511 subactae
552 1455 639 1510 tuum
656 1454 826 1528 spectarent
844 1455 950 1511 nutum
967 1452 1109 1528 populus-

67 1562 157 1619 sque
178 1537 183 1620 1
203 1542 354 1600 Romanus
372 1543 403 1600 et
420 1543 541 1600 senatus
558 1541 701 1600 liberatus
721 1541 828 1600 timore
847 1541 1037 1617 amplissimis
1050 1541 1110 1600 tuis

97 1630 330 1708 cogitationibus
368 1630 557 1705 consiliisque
593 1630 822 1706 gubernaretur,
859 1649 918 1689 non
956 1629 1110 1704 audebam,

96 1719 192 1780 tantis
220 1719 476 1794 occupationibus
509 1718 545 1776 de
574 1719 771 1777 architectura
798 1717 909 1794 scripta
937 1722 968 1777 et
994 1718 1111 1796 magnis

98 1807 332 1885 cogitationibus
355 1807 503 1882 explicata
526 1807 619 1882 edere,
641 1810 776 1866 metuens
799 1827 836 1865 ne
859 1827 918 1866 non
943 1811 1013 1883 apto
1036 1810 1110 1866 tem·

97 1917 171 1973 pore
190 1897 383 1972 interpellans
402 1895 531 1956 subirem
548 1896 594 1954 tui
613 1897 704 1955 animi
723 1897 921 1955 offensionem.
954 1915 1023 1955 cum
1039 1915 1109 1955 vero
1129 1911 1145 1960 2

56 2009 84 2048 ιο
98 1985 283 2045 attenderem
297 1988 327 2043 te
341 2003 400 2043 non
420 1980 424 2064 1
445 1985 541 2043 solum
560 1985 673 2044 devita
692 1985 840 2043 communi
859 1985 991 2043 omnium
1009 2003 1111 2043 curam

97 2074 298 2151 publicaeque
320 2074 365 2132 rei
393 2073 604 2132 constitutione
627 2074 735 2132 babere
757 2073 810 2132 sed
833 2075 923 2132 etiam
946 2073 982 2132 de
1005 2091 1111 2149 oppor-

97 2163 230 2222 tunitate
257 2162 445 2238 publicorum
473 2161 685 2237 aedificiorum,
717 2166 753 2221 ut
780 2162 885 2221 civitas
912 2181 966 2237 per
992 2165 1022 2220 te
1052 2180 1112 2220 non

99 2253 199 2311 solum
224 2250 385 2328 provinciis
418 2254 495 2310 esset
526 2254 626 2326 aucta,
656 2271 759 2309 verum
791 2250 882 2309 etiam
909 2253 944 2308 ut
970 2249 1111 2308 maiestas

98 2340 219 2417 imperii
244 2339 432 2416 publicorum
458 2339 659 2399 aedificiorum
682 2339 816 2416 egregias
838 2338 968 2397 baberet
983 2338 1112 2397 auctori-

58 2449 86 2491 15
100 2433 192 2506 tates,
220 2449 280 2488 non
301 2429 408 2504 putavi
428 2429 727 2504 praetermittendum
747 2424 751 2506 1
773 2428 844 2503 quin
874 2428 969 2504 primo
993 2446 1112 2502 quoque

100 2523 234 2594 tempore
257 2518 294 2575 de
316 2518 362 2576 bis
384 2517 471 2576 rebus
495 2536 531 2575 ea
552 2517 608 2576 tibi
631 2518 755 2576 ederem.
796 2517 862 2575 ideo
883 2517 962 2592 quod
984 2517 1113 2592 primum

100 2607 220 2683 parenti
241 2609 294 2665 tuo
318 2605 354 2664 de
377 2625 411 2665 eo
434 2607 550 2664 fueram
572 2609 661 2665 notus
684 2609 714 2665 et
733 2606 796 2664 eius
815 2605 935 2664 virtutis
953 2605 1113 2664 studiosus.

65 2704 168 2760 2cum
191 2698 294 2754 autern
312 2694 470 2754 concilium
492 2694 664 2754 caelestium
686 2695 718 2752 in
740 2694 856 2753 sedibus
879 2686 1113 2776 inimortalitatis

100 2805 169 2843 eum
192 2783 388 2843 dedicavisset
409 2787 440 2842 et
457 2784 614 2859 imperium
631 2783 764 2859 parentis
781 2783 813 2841 in
831 2786 917 2842 tuam
934 2784 1113 2859 potestatem

175 2995 188 3042 1
209 3006 258 3042 um
272 2991 321 3059 (sie
334 2991 393 3044 sine
409 2991 461 3045 litt.
475 2991 548 3055 init,
566 3006 648 3058 quam
661 2987 686 3042 D
696 3005 750 3058 pro
765 2985 785 3040 (1
799 2989 886 3042 adeor.
901 3003 999 3041 monas
1012 2986 1112 3052 recens)

102 3060 201 3115 divina
219 3063 270 3114 tua
287 3075 366 3114 niens
380 3061 412 3114 iu
424 3061 486 3114 albo
497 3062 604 3129 primae
618 3061 705 3114 lineae
718 3059 807 3127 suppl.
825 3059 863 3114 6⁶
875 3057 956 3128 (Cum
965 3087 1000 3098 —
1009 3071 1113 3109 numen

103 3167 155 3221 litt.
174 3167 288 3236 capital.
306 3183 357 3222 aer.
376 3167 412 3222 H
423 3169 514 3237 primo
535 3183 600 3237 pay.
619 3167 716 3233 emsa).
730 3167 740 3234 11
753 3141 851 3219 dieser
870 3165 914 3219 6⁶.
934 3166 944 3231 11
966 3168 999 3215 10
1017 3157 1114 3215 ’duram

106 3314 111 3325 .
127 3314 133 3326 .
149 3313 156 3326 .
170 3251 275 3327 debere
288 3275 375 3344 signis
388 3274 537 3329 mutandae
546 3273 694 3342 positionis
708 3273 850 3343 coniungit
859 3270 894 3326 8⁰
905 3272 946 3338 (at
959 3271 999 3324 ed.
1010 3269 1093 3337 Lon).
1103 3268 1115 3342 11

105 3342 356 3470 ἓὲξοέἕὲἱψὲοηθ
370 3344 471 3415 816011
486 3341 717 3398 constitutionem
730 3342 765 3397 H
775 3345 843 3412 (ne)
857 3341 890 3395 G.
906 3343 915 3410 11
930 3345 962 3394 17
978 3339 1113 3410 (virtutis)

158 3514 262 3555 Vmor.
277 3514 304 3554 de
318 3515 436 3555 architect.
451 3514 485 3554 ed.
499 3514 579 3554 Rosa
922 3506 941 3553 l
