2416 3922
122 153 188 217 234
544 151 710 205 VITRUVII

121 304 268 362 Flaminio
293 305 338 360 est
360 303 500 377 positum,
524 300 667 377 Scopinas
687 301 870 377 Syracusius,
894 317 977 374 apoc
995 320 1037 362 τα
1057 321 1137 364 stro-

123 408 263 464 ρουμενα
285 391 476 464 Parmenion,
503 407 584 463 προ(
608 407 673 449 παν
697 390 790 462 κλιμα
812 391 996 451 Theodosius
1022 395 1054 451 et
1076 392 1136 451 An-

121 481 216 553 dreas,
238 480 389 538 Patrocles
411 476 415 558 l
435 479 609 554 pelecinum,
633 479 857 554 Dionysodorus
876 499 992 555 conum,
1012 481 1135 557 Apollo·
1144 493 1179 544 (1ο)

121 570 189 627 nius
212 569 396 644 pharetram,
420 569 538 643 aliaque
562 587 670 645 genera
694 570 724 626 et
747 569 799 643 qui
822 587 914 644 supra
938 570 1044 645 scripti
1067 575 1136 630 sunt

122 660 152 715 et
174 658 227 715 alii
249 659 348 732 plures
371 658 493 715 inventa
516 657 712 732 reliquerunt,
739 657 786 714 uti
809 658 1032 732 conarachnen,
1058 660 1158 719 coni-5

120 765 188 804 oum
209 746 383 822 plinthium,
412 746 605 806 antiborcum.
631 738 634 826 l
659 746 732 804 item
759 765 794 803 ex
816 745 862 804 his
888 747 1049 822 generibus
1072 749 1186 812 visast

121 835 199 893 toria
228 835 353 910 pensilia
383 835 431 892 uti
456 835 561 893 fierent
588 836 688 910 plures
716 834 827 909 scripta
855 835 1055 910 reliquerunt.
1101 856 1134 894 ex

121 942 248 998 quorum
276 924 360 982 libris
390 924 415 981 si
445 923 498 999 qui
526 924 600 982 velit
628 923 822 983 subiectiones
850 923 986 982 invenire
1014 926 1133 1001 poterit,

120 1012 278 1071 dummodo
302 1013 377 1071 sciat
400 1013 613 1071 analemmatos
637 1013 856 1087 descriptiones

82 1115 100 1162 2
185 1101 263 1160 Item
285 1104 355 1160 sunt
378 1121 413 1158 ex
437 1121 513 1176 aqua
537 1101 720 1176 conquisitae
744 1101 780 1158 ab
805 1100 916 1159 eisdem
939 1103 1132 1177 scriptoribus
1145 1124 1166 1163 u

122 1181 362 1270 >horologiorum
394 1190 538 1264 rationes,
569 1190 756 1265 primumque
789 1208 806 1246 a
840 1188 971 1248 Ctesibio
1005 1191 1165 1253 Alexan-bl

120 1279 218 1353 drino,
247 1279 297 1355 qui
325 1283 355 1338 et
382 1279 444 1337 vim
472 1279 594 1354 spiritus
622 1279 767 1337 naturalis
795 1279 1061 1355 pneumaticasque
1088 1300 1131 1339 res

119 1368 241 1427 invenit.
279 1369 330 1426 sed
352 1367 399 1426 uti
421 1368 534 1426 fuerint
552 1386 587 1426 ea
606 1368 762 1442 exquisita,
785 1367 908 1445 dignum
928 1371 974 1426 est
992 1369 1131 1428 studiosis

119 1475 285 1533 agnoscere.
324 1454 469 1515 Ctesibius
494 1456 573 1514 enim
595 1457 693 1514 suerat
712 1455 910 1514 Alexandriae
933 1460 1025 1515 natus
1048 1464 1130 1533 patre

118 1549 245 1605 tonsore.
291 1546 317 1602 is
344 1545 463 1622 ingenio
493 1547 522 1603 et
548 1545 696 1604 industria
723 1563 831 1621 magna
858 1548 979 1619 practer
1001 1547 1130 1622 reliquos
1142 1569 1163 1609 rs

119 1634 262 1692 excellens
286 1633 381 1692 dictus
402 1629 406 1711 Ι
428 1637 473 1692 est
496 1633 662 1693 artificiosis
685 1634 772 1692 rebus
796 1651 826 1692 se
850 1634 1007 1692 delectare.
1050 1648 1171 1699 nam-(ro)

119 1741 177 1797 que
201 1741 268 1780 cum
290 1723 433 1781 voluisset
456 1723 487 1779 in
505 1722 630 1781 taberna
649 1724 695 1781 sui
713 1722 808 1798 patris
827 1723 980 1797 speculum
998 1723 1044 1782 ita
1062 1743 1129 1799 pen·

118 1810 186 1868 dere
209 1814 243 1868 ut
266 1829 333 1868 cum
351 1810 507 1869 duceretur
524 1830 699 1887 sursumque
717 1812 915 1885 reduceretur,
937 1812 1018 1870 linea
1037 1814 1129 1872 latens

81 1916 99 1962 3
118 1899 233 1974 pondus
256 1899 417 1974 reduceret,
440 1899 484 1958 ita
508 1902 674 1960 conlocavit
695 1901 954 1960 machinationem.
997 1903 1129 1960 canalem

117 1988 251 2066 ligneum
282 1988 335 2047 sub
367 1988 451 2066 tigno
483 1989 549 2047 fixit
575 1990 676 2065 ibique
703 1991 828 2048 trocleas
857 1990 1033 2048 conlocavit.
1079 2010 1160 2066 perae

117 2078 251 2136 canalem
269 2078 379 2135 lineam
392 2079 424 2135 in
439 2079 583 2155 angulum
604 2071 608 2160 Ι
629 2079 751 2137 deduxit
763 2078 864 2153 ibique
877 2079 998 2138 tubulos
1015 2080 1126 2138 struxit.
1136 2092 1169 2143 (ul

117 2168 148 2224 in
178 2185 226 2224 eos
249 2166 343 2241 pilam
365 2167 536 2242 plumbeam
558 2188 611 2242 per
634 2168 744 2226 lineam
767 2167 983 2226 demittendam
1005 2169 1127 2228 curavit.

116 2256 161 2314 ita
188 2254 302 2330 pondus
331 2274 400 2313 cum
428 2255 610 2315 decurrendo
635 2257 667 2315 in
690 2256 844 2332 angustias
867 2255 1043 2315 tubulorum
1065 2277 1127 2333 pre·

116 2347 210 2402 meret
232 2344 306 2401 caeli
330 2345 529 2418 crebritatem,
552 2345 718 2404 vehementi
739 2345 864 2403 decursu
881 2364 934 2418 per
952 2346 1054 2404 fauces
1073 2348 1127 2404 fre·

118 2434 270 2508 quantiam
293 2434 369 2491 caeli
392 2435 606 2509 compressione
627 2434 785 2492 solidatam
805 2433 961 2491 extrudens
980 2434 1013 2491 in
1032 2453 1158 2494 aeroma

189 2591 202 2637 1
221 2586 318 2652 presta
335 2583 528 2638 historumena
546 2586 580 2638 H
583 2584 612 2652 S,
628 2584 704 2658 cptha
722 2585 921 2653 hystoromena
939 2584 973 2639 G.
992 2587 1002 2654 ΙΙ
1022 2591 1126 2655 2pros·

116 2654 264 2724 panolema
285 2672 313 2709 a.
344 2660 348 2722 Ι
378 2656 493 2709 andriae
515 2673 542 2709 x.
570 2659 579 2725 ΙΙ
607 2661 623 2708 3
647 2655 805 2724 pelecinum
830 2675 862 2711 ee:
889 2654 1038 2737 pelignum
1058 2657 1124 2710 Far.

117 2731 156 2794 (p.
166 2729 344 2793 309,18.17).
362 2729 366 2796 Ι
382 2725 492 2780 dioniso
506 2729 513 2787 l
525 2727 560 2797 {J}
573 2732 731 2796 porusconu
740 2726 781 2794 H,
795 2727 954 2798 dionisiusl
970 2731 1126 2797 porusconu

117 2796 145 2863 S,
164 2796 273 2850 dioniso
291 2813 479 2866 porusconum
495 2798 528 2852 G.
552 2802 560 2860 ΙΙ
582 2804 599 2850 4
617 2800 760 2865 paratram
779 2800 819 2867 (a
835 2798 871 2867 G)
889 2815 917 2851 x.
935 2799 945 2867 ΙΙ
965 2804 980 2851 5
1001 2798 1060 2854 alia
1074 2798 1101 2853 8.
1120 2797 1123 2868 Ι

116 2867 308 2921 conarchenen
322 2872 454 2923 conatum
469 2871 520 2938 (ai)
534 2867 686 2937 plinthium
701 2870 753 2937 (u)
768 2868 965 2922 antiboraeum
975 2871 1048 2937 (reu
1058 2871 1126 2937 SG0)
1187 2888 1191 2897 ·

114 2955 141 2992 x.
170 2941 179 3008 ll
207 2944 222 2991 6
245 2937 320 2992 idem
344 2959 373 2994 a.
402 2942 411 3009 ΙΙ
439 2945 453 2992 7
478 2938 598 3008 pensilia
618 2938 681 2994 GS:
710 2939 831 3008 pensilia
855 2940 958 3008 H(G⁶).
990 2942 994 3009 Ι
1023 2944 1056 2995 ut
1074 2941 1100 2996 S.
1117 2940 1127 3010 ll

115 3009 332 3064 8subiectionis
353 3011 461 3079 S(-nes
481 3011 515 3064 H
519 3009 598 3079 (38⁶).
626 3013 635 3080 ΙΙ
664 3016 695 3063 11
716 3009 839 3064 aclesbio
858 3027 886 3064 ee.
914 3012 923 3078 ΙΙ
953 3016 986 3063 12
1005 3012 1056 3079 qui
1078 3013 1126 3066 bra

114 3080 230 3150 spiritus
244 3080 383 3135 naturalis
397 3081 463 3134 ineu
482 3081 640 3150 atticasque
654 3099 681 3136 er.
696 3083 705 3150 ΙΙ
721 3087 753 3134 13
769 3083 812 3135 est
826 3098 876 3135 om.
890 3099 918 3134 a.
933 3083 942 3150 ll
959 3087 993 3134 14
1008 3081 1125 3137 cleobius

113 3169 140 3207 a.
156 3155 165 3222 ΙΙ
180 3158 213 3205 16
233 3151 406 3220 sedelectare
421 3154 464 3206 G'0.
479 3154 488 3221 ll
503 3157 536 3205 18
556 3168 705 3220 susumque
719 3171 739 3207 ee
753 3155 816 3220 (ese
834 3155 984 3220 romanice,
1002 3156 1052 3222 qae'
1068 3155 1124 3208 abi-

113 3240 164 3291 qee
182 3225 310 3279 delendas
329 3231 375 3289 est,
393 3231 425 3278 eet
441 3241 468 3291 p.
482 3227 547 3290 253,
555 3227 594 3278 26
611 3231 637 3278 et
655 3225 731 3292 apud
750 3225 912 3279 Varronem:
932 3223 999 3278 Keil
1018 3226 1056 3279 ad
1072 3225 1125 3280 Oet.

109 3311 139 3362 p.
157 3299 203 3362 61,
224 3297 261 3349 ed
281 3296 359 3350 Varr.
376 3313 405 3362 p.
425 3299 492 3358 135,
520 3296 631 3349 Lacbm.
661 3296 698 3348 ed
717 3295 801 3350 Iria.
822 3313 851 3364 p.
872 3298 933 3349 144.
952 3326 987 3334 -
1006 3294 1124 3349 introsus

113 3367 191 3419 semel
205 3365 226 3419 S
239 3383 269 3434 p.
283 3368 412 3435 231,12).
438 3367 442 3436 l
467 3365 618 3420 deduceret
635 3384 662 3420 x.
691 3368 700 3435 ΙΙ
727 3371 760 3419 21
779 3365 885 3419 lincam
905 3366 943 3421 G:
963 3364 1060 3441 lrgnea
1078 3365 1124 3432 ΗΘ,

113 3434 238 3505 ligneam
252 3437 279 3491 S.
303 3439 312 3505 ll
335 3442 368 3489 22
388 3436 592 3490 demittendam
611 3438 678 3492 HS:
699 3437 769 3491 dim·
787 3439 821 3492 G.
844 3439 853 3505 ll
877 3442 911 3489 25
931 3437 1123 3507 conpressione

115 3507 153 3561 G:
174 3506 361 3560 confressione
381 3507 442 3562 Hs.
